3472 5828
306 496 378 570 999
923 517 1021 569 acra

308 620 509 632 --ss

511 701 600 752 tatem
622 693 759 752 victimae
780 692 942 770 perfectam
970 700 1000 751 et
1027 693 1141 753 numini
1168 692 1217 752 cui
1244 692 1365 751 offertus
1389 694 1560 753 omnimodo
1587 712 1637 753 ac·

511 798 736 867 commodatam,
758 796 789 855 id
811 798 889 874 quod
911 796 1042 856 lortaaae
1063 796 1288 873 praeferendum
1311 796 1374 855 erit.

309 926 416 992 nocte
444 918 605 991 secunda
630 914 784 1015 Ilithyiis
810 920 953 1006 v.115‚
984 919 1074 989 116:

438 1068 544 1129 ¹noctu
575 1067 689 1131 utitem
722 1056 772 1129 ad
797 1054 952 1129 Tiberim
983 1053 1228 1154 dmm-istam
1250 1054 1344 1152 seca't
1368 1054 1442 1129 dea
1468 1053 1643 1157 [Rumpis

617 1175 715 1250 libato
737 1174 852 1249 VIIII
870 1175 1058 1276 populabit]
1090 1175 1199 1249 VIIII
1225 1174 1388 1275 ptboibuc
1413 1175 1526 1251 VIIII
1552 1175 1641 1277 imp.

617 1296 749 1372 liceant·
777 1296 781 1397 l
811 1296 1005 1396 Arrptcstus:
1035 1310 1206 1397 precatus
1231 1310 1283 1372 eat
1308 1296 1404 1396 [b]oc
1429 1299 1544 1373 modu.

467 1440 597 1515 llithyiia
627 1441 791 1499 secundum
817 1459 937 1500 carmen
964 1459 1081 1500 sacrum
1108 1441 1142 1499 fit
1167 1430 1306 1497 θυέεσσιν
1330 1434 1386 1518 ἕπῃ
1411 1431 1505 1501 θέαις.
1550 1438 1647 1501 Sacra

517 1545 558 1600 ita
578 1561 642 1600 cum
667 1561 725 1600 non
749 1544 901 1619 requirant
922 1544 1074 1614 victimas,
1101 1543 1154 1602 sed
1177 1544 1383 1601 tantummodo
1405 1537 1442 1599 cri
1462 1532 1542 1613 Saia,
1568 1546 1645 1603 eatis

517 1646 682 1703 habuerunt
697 1645 814 1703 XVviri
837 1647 991 1724 placentas
1013 1645 1123 1703 diversi
1146 1646 1266 1721 generis
1289 1646 1390 1704 addito
1412 1647 1533 1705 omuino
1556 1648 1647 1705 thure

517 1759 546 1806 ct
569 1750 636 1806 rino
658 1750 694 1806 iis
717 1748 826 1806 offerri.
864 1747 969 1806 Libum
990 1746 1165 1806 Latinorum
1190 1758 1290 1806 uotum
1313 1757 1360 1806 eat
1385 1758 1414 1807 et
1435 1751 1583 1826 quomodo
1606 1769 1648 1808 ex

518 1872 607 1909 caseo
630 1862 658 1909 et
680 1852 776 1909 farina
799 1850 851 1907 fiat
873 1848 949 1910 Cato
973 1850 1072 1908 docuit
1095 1850 1146 1925 (de
1168 1870 1200 1907 ro
1222 1860 1296 1909 ruat.
1313 1852 1376 1926 lb).
1420 1842 1552 1909 llo'aavov
1574 1871 1648 1930 pro-

518 1955 581 2029 prie
598 1954 745 2013 Graccum
769 1952 900 2029 panificii
923 1970 1015 2029 genus
1039 1961 1086 2011 est
1108 1952 1261 2028 placentae
1277 1954 1383 2032 opinor
1398 1952 1582 2013 Catonianae
1606 1956 1648 2013 ei·

519 2056 589 2113 mile
617 2057 646 2113 in
673 2057 765 2113 sacris
793 2055 982 2131 potissimum
1009 2057 1165 2127 usitatum,
1192 2070 1223 2114 ut
1246 2057 1408 2115 ostendunt
1433 2056 1546 2129 lexica;
1576 2076 1649 2115 con·

520 2158 590 2215 l'erri
614 2158 722 2232 poterit
745 2157 833 2215 laune
855 2146 995 2214 Ποπανων
1017 2157 1113 2216 dictus
1137 2152 1185 2214 dui
1207 2153 1237 2216 rc*
1261 2156 1289 2214 ἐν
1310 2158 1373 2218 ταῖς
1395 2148 1555 2220 καλάνδαις
1576 2156 1651 2216 ἀνα·

520 2250 664 2340 φέρεσθαι
686 2250 804 2317 πόπανα
827 2259 945 2336 (Lydus
968 2259 1004 2318 de
1027 2278 1121 2318 mena.
1138 2262 1167 2332 4,
1191 2260 1232 2336 2).
1269 2259 1404 2320 Graecus
1426 2261 1495 2319 item
1513 2253 1651 2339 astam)

522 2380 674 2419 sacrarum
696 2362 899 2436 placentarum
924 2363 1040 2438 specics
1063 2362 1201 2433 aliaest,
1231 2373 1262 2420 ut
1283 2362 1386 2420 eadem
1409 2364 1509 2422 lexica
1529 2363 1651 2435 docent,

522 2484 608 2540 quma
631 2465 746 2539 siquis
769 2464 822 2521 sibi
847 2465 952 2522 confici
975 2465 1086 2541 cupiat,
1109 2475 1245 2540 paratum
1268 2466 1358 2523 habet
1379 2465 1651 2525 culinaedoctorem

523 2565 759 2641 Athenaeumt).
777 2600 813 2609 —
831 2566 960 2643 Reliqua
982 2586 1068 2625 sacra
1088 2568 1188 2625 omnia
1209 2586 1275 2624 cum
1297 2577 1520 2643 repraesentata
1541 2568 1652 2627 habea·

524 2686 588 2725 mire
604 2669 633 2725 iu
650 2670 777 2726 nummis
790 2668 964 2740 Domitiani,
987 2670 1043 2727 hoc
1059 2670 1099 2727 ibi
1115 2689 1151 2727 ue
1167 2669 1252 2737 desit,
1269 2670 1463 2745 probabiliter
1475 2669 1652 2729 Dreaaeline

525 2771 676 2827 existimat
698 2773 777 2828 cerni
800 2772 829 2827 in
853 2790 973 2829 nummo
996 2792 1045 2844 co,
1074 2772 1123 2849 qui
1147 2772 1324 2831 sacrificinm
1348 2773 1429 2831 sistit
1450 2779 1519 2830 ante
1545 2771 1651 2831 aedem

523 2880 662 2947 qrrattuor
682 2873 848 2930 columnam
872 2874 937 2930 aine
960 2874 1081 2933 victima
1102 2875 1222 2951 adpicta
1244 2875 1334 2933 fluvio
1357 2874 1460 2933 Tiberi
1470 2872 1509 2947 ³).

323 3008 380 3082 die
408 3008 568 3082 secundo
595 3006 727 3080 lurroui
753 3035 787 3081 v.
814 3011 894 3081 119.
927 3012 1014 3083 120:

451 3163 510 3237 IV
525 3189 638 3237 troicus
657 3162 738 3236 Iura
761 3163 800 3237 iu
821 3162 1010 3264 capitatim
1037 3165 1242 3264 iltrmolnvit
1258 3165 1393 3239 Iuraoui
1415 3191 1561 3264 ceput-ae
1592 3166 1653 3240 bo-

631 3311 704 3359 ucru
726 3285 923 3386 serrandum
949 3286 1034 3385 irrep.
1064 3284 1197 3361 Caresur
1223 3286 1413 3385 rlupustus,
1442 3286 1572 3362 itidem
1601 3289 1655 3362 ul-

631 3408 756 3508 turum]
786 3408 789 3509 1
820 3408 871 3482 M.
892 3407 1051 3507 Aprz'ppu
1077 3421 1110 3483 ct
1124 3421 1292 3508 precatus
1320 3410 1397 3508 eall]
1411 3412 1441 3489 ⁴)
1469 3408 1533 3483 boc
1549 3412 1655 3485 atocio

478 3550 582 3607 lunoni
606 3568 723 3607 carmen
746 3550 828 3607 iubet
850 3549 950 3607 (afferri
977 3540 1107 3620 δαμάλην
1127 3541 1200 3617 βσὲς
1222 3542 1308 3615 δέμας
1330 3541 1454 3628 νῖνγλαὸν.
1491 3552 1586 3610 Bocea
1610 3554 1657 3611 al-

530 3654 577 3709 bos
597 3651 715 3708 Horatii
737 3652 792 3710 lruc
815 3672 934 3728 quoque
957 3653 1115 3711 trahendos
1139 3673 1205 3713 esse
1229 3673 1320 3728 supra
1341 3654 1452 3712 monui.
1469 3685 1506 3695 -
1523 3655 1573 3713 Ad
1597 3656 1657 3713 boo

530 3774 646 3812 sincrum
671 3755 806 3828 pertinet,
829 3766 860 3813 ut
882 3758 993 3813 rummit
1009 3756 1147 3827 Dressol,
1170 3774 1305 3815 nummus
1323 3755 1485 3814 Domitiani
1506 3757 1656 3817 exbibens

530 3868 596 3913 autc
620 3857 827 3932 imperatorem
850 3866 975 3915 stantem
998 3859 1137 3915 mulieres
1160 3870 1220 3918 tres
1242 3859 1365 3937 genibus
1388 3858 1525 3934 nixast).

329 4007 435 4068 uocte
462 3995 570 4067 tertia
597 3994 731 4067 Terrae
761 3995 865 4068 matri
894 4019 928 4066 V.
954 3999 1035 4067 134.
1069 3999 1186 4099 135:-

457 4162 561 4225 uoctu
593 4151 643 4223 ud
671 4149 826 4223 Tiberim
861 4151 974 4249 [arcem
999 4153 1146 4251 plenum
1175 4152 1304 4256 Terrae
1330 4152 1443 4227 enutri
1471 4150 1661 4229 ¹imaolaoit

634 4270 734 4370 rap]
752 4270 755 4339 ἰ
775 4270 909 4346 (laesor
921 4274 1101 4370 Aupuatus
1114 4276 1365 4375 precatusque
1383 4273 1512 4349 catboe
1524 4277 1658 4376 modo}

408 4480 429 4540 ¹)
460 4480 610 4544 Opportune
637 4482 770 4531 admonuit
795 4483 856 4531 Otto
876 4483 1035 4533 Hirschfeld:
1064 4485 1129 4533 dixit
1153 4486 1184 4534 de
1209 4501 1240 4535 eo
1263 4485 1367 4536 Lobeck
1391 4488 1417 4536 ln
1437 4485 1622 4551 Aglaophamo
1644 4490 1660 4537 2

329 4592 354 4639 p.
372 4576 448 4623 1074.

406 4665 429 4724 ²)
459 4666 608 4715 Athenaeus
631 4668 663 4715 tl
683 4683 707 4730 p.
723 4667 808 4716 tili'd:
835 4661 849 4714 ὅ
868 4663 894 4715 bi
914 4664 993 4730 φθόις
1013 4654 1073 4717 airu
1099 4664 1205 4736 γίνεται·
1226 4657 1298 4736 'topic
1319 4667 1433 4727 ἐκπιέσας
1455 4670 1528 4738 τρϊβι
1551 4669 1594 4719 aui
1618 4669 1662 4741 tp.

330 4746 415 4820 βαλῶν
436 4756 457 4813 ic
480 4746 591 4807 uicatim
615 4746 739 4828 χᾶλκιννν
764 4748 861 4821 buida,
888 4752 936 4807 εἶτ’
950 4754 1056 4823 ἐπίβαλε
1081 4759 1141 4827 μέλι
1166 4756 1207 4810 καὶ
1228 4757 1361 4829 σιλίγνενς
1384 4754 1471 4829 ἦμῖνιιν
1495 4760 1536 4812 καὶ
1560 4752 1662 4831 cappari·

330 4852 409 4917 λαξον
429 4849 464 4907 εἰς
483 4845 515 4897 ἓν.

408 4944 431 5003 ³)
461 4944 557 4993 liclrlrel
580 4946 591 4992 1
619 4961 643 5007 p.
660 4946 724 4997 386:
752 4945 840 4994 Colran
864 4947 875 4993 l
902 4963 925 5010 p.
941 4945 993 4993 479
1014 4962 1038 4995 ιι.
1055 4950 1097 4995 91.
1137 4948 1233 4999 Similia
1259 4958 1296 4997 cst
1321 4964 1439 4999 nummus
1458 4949 1523 4999 alius
1548 4949 1661 5009 (Eclrhcl

331 5037 348 5085 l.
363 5054 398 5097 c.;
419 5036 507 5086 conen
527 5052 552 5085 n.
568 5035 621 5097 85),
643 5038 690 5086 uisi
712 5039 779 5101 quod
800 5040 876 5087 aeden
896 5046 934 5086 est
953 5038 1129 5089 columnarum
1149 5056 1193 5090 aex
1215 5048 1240 5090 ct
1260 5042 1332 5091 abeat
1351 5041 1462 5091 Tiberis.

407 5126 431 5187 ⁴)
461 5130 552 5177 lirrorc
571 5132 694 5193 scriptum
713 5147 759 5194 pro
774 5132 876 5197 precati
894 5138 962 5178 murt:
983 5133 1115 5194 Augustus
1135 5142 1161 5182 ut
1180 5136 1317 5195 inseratur,
1338 5135 1448 5200 spatium
1468 5136 1586 5200 requirit.

409 5218 433 5282 ⁶)
461 5220 558 5271 Eclhet
579 5223 604 5283 9,
626 5224 688 5272 396.
727 5223 817 5273 Colren
840 5228 851 5273 l
872 5240 898 5287 p.
912 5224 964 5273 479
985 5239 1012 5273 u.
1027 5226 1070 5275 80.
