3474 5828
525 600 702 652 avuonvu
729 601 1000 654 snscvmrnvu.
1354 585 1426 657 249

106 704 391 718 ,...-........-.....

100 788 168 837 acta
189 776 307 854 collegii
329 776 365 836 de
387 776 466 835 ludis
489 777 692 837 saecularibus
716 778 833 854 publice
856 778 944 838 incidi
966 779 1105 838 iubentur
1120 789 1181 837 tam
1203 779 1233 837 in
1248 798 1317 839 aere
1339 799 1429 856 qnam

100 882 134 940 in
156 899 302 939 marmore
325 889 354 938 et
376 900 411 938 eo
427 880 494 938 loco
509 880 559 939 ubi
583 880 643 938 ludi
667 882 756 939 futuri
779 892 881 941 essent
903 882 1055 941 collocari.
1091 882 1139 942 Ea
1153 902 1271 959 quoque
1293 901 1342 942 res
1365 904 1430 962 por-

101 986 176 1042 tinet
197 983 236 1041 ad
257 991 391 1041 senatum
415 994 537 1059 propter
557 994 692 1058 sumptus
714 1004 752 1043 ex
767 986 882 1043 aerario
905 986 1116 1062 praestandos:
1140 985 1219 1060 quod
1242 995 1275 1044 ut
1297 989 1429 1063 perficia-

102 1095 161 1156 tur,
188 1086 278 1145 solito
301 1105 383 1143 more
411 1087 452 1158 (v.
474 1085 652 1145 Stactsreclt
675 1087 814 1163 3‚1132)
841 1089 980 1147 consules
1006 1089 1144 1147 iubentur
1166 1107 1241 1164 opus
1263 1089 1429 1149 laciendum

101 1189 203 1248 locare
224 1196 253 1246 et
278 1188 316 1245 iis
338 1189 388 1264 qui
411 1188 527 1247 aerario
552 1199 699 1265 praesunt
723 1190 884 1266 imperare,
914 1201 945 1249 ut
967 1200 1095 1279 quantae
1125 1192 1268 1268 pecuniae
1295 1193 1429 1264 loomim,

103 1302 217 1351 tantam
238 1291 476 1367 redemptoribus
498 1291 625 1350 solvant.
660 1293 817 1351 Aerarium
840 1312 874 1351 eo
891 1302 1022 1370 tempore
1045 1314 1099 1370 pro
1114 1295 1325 1370 quaestoribus
1347 1315 1430 1373 prae·
1527 1359 1531 1368 ,

102 1406 185 1455 tores
208 1394 457 1453 administrabant
478 1393 669 1466 (Saarsrertr
683 1391 732 1466 2³,
749 1394 834 1469 558),
856 1396 956 1472 itaque
979 1398 1057 1472 quod
1081 1397 1120 1454 ad
1141 1397 1171 1455 id
1188 1399 1362 1457 vocabulum
1379 1398 1430 1456 ad-

104 1499 246 1572 scriptum
270 1510 315 1556 est
337 1500 417 1567 er
439 1496 618 1574 explendum
642 1507 689 1555 est
709 1515 751 1569 Q‚·
764 1517 800 1555 s·
814 1514 839 1568 r,
863 1498 977 1556 scilicet
998 1499 1074 1575 q(m)
1089 1499 1233 1575 a(erario)
1252 1500 1429 1577 p(raesmrt).

103 1599 280 1660 Columnam
303 1618 498 1658 marmoream
521 1600 563 1656 ita
578 1600 749 1676 inscriptam
768 1609 797 1658 et
811 1602 978 1677 expositam
1002 1621 1093 1676 supra
1107 1603 1164 1661 iarn
1181 1603 1312 1662 diximus
1333 1605 1430 1680 ipsam

105 1721 184 1774 esse,
208 1703 293 1760 cuius
315 1703 458 1779 reliquias
481 1702 603 1760 edimus.

189 1802 476 1864 senatusconsultis
499 1805 615 1863 duobus
638 1806 829 1883 subiungitur
851 1808 979 1866 edictum
995 1806 1152 1866 XVrirum
1171 1827 1197 1865 v.
1214 1808 1340 1867 64-75
1363 1829 1430 1886 pro·

103 1908 236 1984 positum
263 1929 290 1965 a.
314 1908 432 1966 d.Vlll
459 1909 490 1965 k.
513 1908 577 1966 lun.
602 1933 637 1957 =
665 1909 735 1966 Mai.
754 1908 792 1967 25
820 1910 916 1986 pridie
937 1928 1025 1987 quarn
1053 1911 1214 1987 inciperent
1234 1912 1431 1970 caerimoniae

103 2011 157 2085 (cf.
177 2011 285 2086 ant).
330 2008 458 2087 Collegii
487 2011 635 2069 decretum
661 2030 728 2070 cum
755 2013 869 2070 nullum
896 2013 1069 2089 praecedat,
1097 2014 1232 2073 videntur
1256 2015 1312 2072 boc
1333 2015 1430 2073 edicto

103 2132 164 2172 non
191 2121 251 2171 tam
279 2133 356 2171 nova
382 2114 544 2189 praescribi
571 2133 661 2190 qnam
687 2114 820 2174 stabilita
842 2134 860 2172 a
882 2117 1009 2194 collegio
1037 2116 1204 2176 accuratius
1232 2116 1431 2176 determinari.

104 2215 154 2275 De
176 2216 303 2293 singulis
325 2217 403 2275 inira
425 2226 536 2294 agetur.

434 2550 795 2612 SVFFIMENTORVM
825 2553 1110 2615 DlSTRlBVTlO.

189 2739 298 2816 Incipit
319 2741 395 2797 sacri
417 2741 555 2798 tractatio
578 2761 595 2798 a
616 2740 793 2798 suffimentis
816 2741 931 2815 dandis,
954 2762 1013 2819 quo
1036 2751 1172 2820 spectant
1193 2763 1230 2802 ex
1253 2743 1363 2802 nostris
1387 2762 1431 2802 re-

105 2842 207 2919 liquiis
229 2844 303 2899 baec
325 2841 527 2918 potissimum:

107 3048 147 3088 ex
169 3029 299 3107 epistula
322 3028 465 3107 Augusti:

137 3170 148 3207 r
272 3150 335 3207 lun.
359 3151 424 3207 bene
445 3160 529 3224 utque
551 3150 724 3225 diliqensser]

136 3272 148 3310 s
193 3272 286 3311 ...os
305 3263 400 3328 petere
422 3253 540 3310 iubentis
562 3253 694 3328 reisq[ce]
722 3295 770 3310 ...

136 3374 148 3413 o
192 3375 272 3412 ...n
294 3359 322 3412 in
349 3354 522 3429 Capitolium
543 3366 608 3413 ante
629 3355 738 3429 (κάμω
760 3357 851 3432 locris]

123 3478 149 3516 rc
191 3456 230 3532 [et
251 3461 280 3513 in
302 3458 440 3516 Acerrtr'no
463 3468 526 3514 unte
547 3457 676 3532 Dlianae
697 3458 763 3516 bene
778 3464 999 3537 frequentesque
1020 3460 1145 3537 afflasse]

123 3579 148 3618 n
193 3579 247 3617 ..c
270 3561 384 3635 deisque
405 3559 541 3617 milicbeis
560 3563 682 3635 fraqam

109 3766 147 3807 ex
171 3747 289 3805 decreto
311 3747 446 3823 collegii:

124 3887 150 3927 so
188 3879 377 3944 purqamcnta
399 3870 466 3926 dari
488 3878 512 3925 et
533 3870 636 3944 fraqcs
658 3872 751 3945 accipi
773 3871 890 3946 collcpio
1019 3872 1160 3947 lpidam,
1189 3883 1217 3931 nt
1238 3877 1267 3930 in
1291 3874 1434 3950 Capitolio

670 3983 734 4029 ante
756 3991 837 4031 cram
860 3974 937 4032 Iocis
958 3975 1069 4050 optimi]

125 4092 149 4132 rr
191 4077 307 4131 marini
329 4084 354 4131 et
374 4075 546 4131 antecedam
564 4076 642 4132 Iocis
666 4079 788 4132 tonantis
808 4085 833 4132 et
877 4118 1348 4138 ..........
1393 4079 1435 4155 [τ’-η

643 4163 646 4170 ’
672 4176 785 4235 Palatio
808 4189 871 4236 ante
893 4179 1000 4254 cedent]

125 4295 151 4336 m
195 4278 339 4355 Apollinis
356 4287 381 4336 ct
396 4282 425 4335 in
437 4283 550 4353 porticu
561 4283 629 4351 eius,
639 4281 741 4354 smper
752 4290 844 4338 aurem
858 4280 912 4355 r'[bi
927 4280 975 4339 nbi
989 4301 1078 4357 supra
1093 4285 1230 4359 scriptum
1245 4295 1284 4342 eet
1295 4288 1436 4360 accipien-

672 4383 725 4439 das
748 4401 807 4441 erse
829 4393 856 4441 ct
876 4386 916 4441 ad
936 4386 1033 4443 oedem
1053 4385 1170 4444 Dianae
1192 4390 1220 4442 in
1237 4384 1376 4445 Auentino
1399 4389 1435 4464 ct]

125 4482 150 4522 aa
192 4469 222 4522 in
240 4468 353 4540 porticu
376 4468 435 4522 eina

112 4672 149 4711 ex
171 4651 281 4710 edicto:

125 4789 150 4829 er
194 4790 249 4846 qao
270 4774 377 4829 minore
397 4771 525 4829 molestia

125 4891 152 4931 ss
194 4892 222 4931 a.
239 4874 265 4930 d.
288 4873 316 4931 V
332 4873 358 4931 lc.
375 4874 439 4931 Ian.
462 4873 646 4950 suffimenta]
673 4916 722 4932 ...

114 5078 152 5117 ex
173 5059 269 5119 edicto
291 5060 399 5119 altero:

126 5198 151 5238 ss
198 5183 493 5256 Corurnonesacinndcr
508 5182 656 5257 lrornin[c]s
673 5185 909 5252 eristamacimus,
931 5195 961 5241 ut
982 5203 1074 5244 omnes
1090 5185 1186 5262 libe[ri
1208 5228 1432 5245 ........

673 5329 679 5342 .
704 5328 710 5343 .
735 5329 741 5343 .
766 5326 773 5342 .
806 5287 856 5361 qui
877 5285 1047 5362 suffimenta]
