3472 5828
575 544 755 598 nvnoavru
781 543 1055 598 sancvnaarvn.
1408 523 1479 596 239

150 646 534 657 ——m—
566 648 761 655 --—---.—-—-
781 649 807 654 -.
849 649 866 653 ..
881 649 905 653 —
926 648 1060 655 ...—.--

157 720 279 790 babilis3
303 719 402 791 immo,
427 720 452 776 si
476 719 545 794 quid
565 719 661 790 uideo,
683 739 764 776 ruera
779 718 907 777 Liviana
927 717 1186 790 inconsiderantia,
1209 717 1288 794 quod
1309 716 1396 774 ludos
1419 735 1481 775 sae·

156 822 272 880 celares
288 822 414 897 Augusti
438 820 616 880 centenariis
639 821 700 879 illis
723 839 825 879 secure
848 821 993 897 adiungit,
1016 821 1197 898 posteriores
1218 820 1249 877 in
1264 838 1394 877 errorem
1412 838 1481 878 cun·

156 924 219 982 dem
244 924 371 982 induxit.
404 922 482 981 Nam
505 924 633 1000 ineptam
658 925 862 991 temeritatem,
886 932 918 981 ut
937 923 999 981 ludi
1015 922 1155 981 celebrati
1171 922 1355 980 sollemniter
1377 942 1403 980 a.
1420 922 1479 981 505

154 1037 184 1084 et
205 1027 306 1085 60518
331 1026 467 1084 omuibus
491 1027 639 1084 veteribus
661 1026 819 1084 annalibus
842 1026 959 1084 abunde
980 1027 1080 1084 testati
1105 1026 1136 1081 irr
1159 1024 1235 1083 alios
1258 1042 1352 1083 anuos
1374 1026 1480 1082 traice-

152 1140 263 1197 rentur,
287 1126 393 1205 Capito
416 1138 492 1185 certe
515 1147 572 1185 non
595 1130 752 1197 commisit,
775 1148 793 1185 a
815 1147 873 1203 qno
898 1128 1023 1203 Augusti
1044 1128 1126 1186 iussn
1149 1146 1235 1185 sacra
1256 1128 1392 1185 ordinata
1412 1144 1479 1185 esse

151 1230 355 1306 traduntnr1).
390 1217 595 1289 Scilicet⁸cum
612 1232 782 1306 Angustum
805 1250 907 1288 ornnes
930 1231 1116 1288 consentiant
1137 1230 1225 1288 ludos
1245 1229 1413 1288 saeculares
1434 1249 1478 1287 re·

152 1333 285 1391 stituisse
307 1342 456 1407 tamqnam
480 1332 665 1390 intermissos
686 1341 716 1390 et
737 1333 953 1408 quodammodo
968 1331 1147 1407 abolitost),
1170 1339 1248 1390 certe
1270 1333 1320 1408 qui
1344 1331 1478 1408 proxime

150 1435 328 1511 praecedere
350 1435 497 1492 debebant
521 1433 583 1492 ludi
610 1434 683 1492 nulli
709 1434 820 1492 fuerint
841 1453 964 1493 necesse
986 1445 1040 1492 est.
1084 1436 1127 1493 At
1147 1434 1210 1492 ludi
1233 1456 1259 1493 a.
1276 1435 1335 1492 737
1359 1435 1385 1491 si
1408 1442 1478 1492 sunt

149 1537 192 1595 ita
214 1537 369 1607 celebrati,
396 1547 428 1595 ut
449 1537 545 1612 quinti
567 1546 670 1595 essent
691 1544 759 1613 post
779 1546 900 1612 quartos
922 1536 1018 1595 editos
1041 1556 1068 1594 a.
1085 1536 1201 1608 60518,
1228 1536 1257 1595 id
1280 1556 1316 1595 ne
1339 1536 1476 1595 contendi

149 1641 268 1715 quidem
291 1639 400 1716 potuit:
427 1648 531 1697 contra
552 1640 578 1697 si
601 1639 757 1715 collegium
781 1640 817 1697 de
838 1658 912 1697 aevo
934 1639 986 1696 illo
1010 1636 1177 1699 CCCCXL
1199 1658 1344 1698 annorum
1366 1640 1476 1715 cogita-

149 1744 206 1811 rit,
233 1743 289 1800 hoc
311 1760 343 1800 sc
370 1743 443 1799 tueri
471 1750 600 1816 poterat,
628 1742 706 1817 qnod
733 1742 869 1800 ludorum
893 1742 1054 1800 secuudum
1082 1760 1216 1800 normam
1237 1761 1302 1799 eam
1329 1742 1359 1800 in
1381 1759 1476 1800 annos

150 1844 219 1903 298.
237 1844 306 1903 408.
324 1844 393 1903 518.
410 1841 469 1901 658
492 1844 683 1902 incidentium
707 1844 878 1902 memoriam
896 1845 1020 1903 annales
1042 1845 1152 1902 nullam
1177 1845 1334 1917 habebant,
1356 1862 1475 1902 carmen

147 1958 244 2005 autem
268 1944 402 2023 Sibyllae
424 1946 459 2003 de
482 1947 601 2004 saeculo
625 1945 681 2006 CX
697 1964 849 2017 antrorum,
871 1947 953 2023 quod
972 1947 1243 2018 circumferebatur,
1265 1947 1373 2005 editum
1396 1947 1474 2005 dice·

146 2051 234 2108 batur
248 2068 325 2108 anuo
342 2046 400 2107 628
423 2048 473 2126 pia
487 2050 591 2107 fraude
607 2057 640 2106 ut
654 2048 769 2107 ridetur
792 2048 897 2126 (supra
918 2069 946 2125 p.
965 2050 1045 2124 235).
1081 2049 1247 2110 Secrrndum
1263 2049 1336 2107 haec
1356 2060 1473 2127 poterat

146 2153 278 2210 narratio
300 2151 342 2209 ita
364 2151 495 2220 formari,
522 2161 554 2209 nt
575 2153 705 2209 carmine
728 2151 779 2208 illo
803 2150 921 2227 Sibylla
942 2152 1110 2210 crederetur
1132 2152 1220 2209 ludos
1243 2171 1320 2210 anno
1343 2151 1402 2212 628
1425 2153 1473 2210 edi

146 2255 281 2327 iussisse,
305 2254 357 2311 sed
380 2254 405 2309 ei
429 2254 552 2312 iussioni
576 2274 634 2312 non
656 2272 722 2313 esse
744 2254 989 2328 obtemperatum,
1012 2255 1111 2331 itaque
1132 2255 1191 2312 iam
1214 2255 1335 2314 saeculo
1352 2253 1407 2314 CX
1422 2274 1472 2313 an-

145 2377 250 2416 nornm
274 2357 333 2414 alio
356 2356 439 2414 finito
461 2356 620 2414 editionem
643 2358 722 2415 iusto
744 2367 876 2431 tempore
903 2356 1106 2433 redintegrari.
1151 2354 1230 2416 Saue
1251 2356 1388 2416 ludorum
1410 2376 1472 2433 sae3

144 2460 287 2518 celarium
313 2458 444 2535 antiquis
470 2458 696 2517 substitutorum
723 2458 923 2516 diversitatem
952 2479 1010 2517 nou
1040 2462 1084 2518 ita
1110 2461 1263 2537 Augustus
1291 2460 1472 2535 proclamari

145 2562 246 2633 voluit,
269 2571 301 2620 nt
323 2562 359 2619 dc
381 2581 416 2618 ea
437 2562 530 2620 errari
553 2580 611 2619 non
635 2571 738 2637 posset
759 2569 789 2619 et
803 2562 854 2619 vix
876 2579 964 2637 aegre
979 2562 1045 2619 tulit
1061 2562 1225 2638 imperator
1238 2562 1319 2638 vulgi
1341 2580 1470 2621 errorem

144 2666 243 2737 talem,
266 2663 382 2740 qualem
399 2664 550 2722 commisit
563 2663 667 2722 Livius
683 2664 953 2739 commiseruntque
971 2664 1034 2722 eius
1048 2665 1183 2740 vestigiis
1207 2664 1378 2723 insistentes
1394 2664 1471 2723 Cen-

143 2769 260 2826 sorinus
281 2775 311 2825 et
326 2766 477 2836 Zosimns3
502 2765 551 2824 sed
568 2767 737 2824 sacerdotes
753 2767 817 2824 cius
832 2767 950 2838 aetatis,
973 2777 1003 2824 nt
1019 2767 1103 2825 decet
1119 2767 1242 2839 aulicos,
1264 2768 1379 2826 mentiti
1401 2777 1471 2825 sunt

142 2889 208 2929 curn
231 2869 330 2945 aliquo
353 2868 474 2946 pudore.

143 3053 343 3065 ψ.-

221 3198 243 3260 ¹)
272 3198 340 3248 Vide
360 3198 419 3247 adn.
435 3200 459 3247 2.
499 3196 591 3261 Capito
611 3198 699 3247 consul
723 3198 804 3247 iactus
829 3213 853 3246 a.
873 3214 898 3248 u.
919 3214 940 3247 c.
956 3198 1007 3247 758
1030 3217 1063 3238 --
1083 3213 1108 3262 p.
1123 3198 1214 3248 chae
1234 3198 1359 3260 fascibus,
1385 3209 1413 3249 nt
1432 3202 1468 3250 ait

143 3292 247 3344 Tacitus
266 3307 326 3341 ann.
342 3291 366 3351 3,
382 3291 424 3351 75,
446 3290 601 3351 acceleratis,
622 3297 737 3339 mortuus
755 3306 779 3339 a.
799 3307 824 3339 u.
844 3307 865 3339 c.
881 3290 932 3339 775
954 3310 987 3330 =
1007 3305 1032 3354 p.
1047 3290 1108 3339 Chr.
1124 3292 1157 3339 tu
1177 3298 1231 3340 tum
1251 3307 1307 3341 cum
1327 3291 1389 3341 editi
1409 3301 1468 3342 sunt

142 3386 195 3434 ludi
221 3384 361 3433 saeculares
385 3384 482 3432 invenis
506 3382 583 3431 inerit
606 3397 708 3432 neccsse
732 3390 777 3431 est.
816 3382 892 3442 Quod
917 3384 939 3431 si
964 3397 996 3432 ex
1017 3383 1102 3433 Taciti
1121 3383 1206 3433 uerbis
1232 3383 1280 3432 hoc
1303 3384 1466 3455 efficiendum

142 3486 208 3528 essct
227 3493 284 3526 eum
304 3484 362 3525 ante
382 3491 477 3525 annum
496 3491 569 3524 snum
589 3475 719 3525 consulem
738 3476 833 3525 facturn
854 3489 916 3536 esse,
942 3475 968 3523 id
988 3482 1103 3524 estante
1124 3490 1219 3525 annum
1239 3475 1349 3525 natalem
1370 3478 1465 3527 tricesi-

141 3586 224 3629 mum,
247 3571 274 3619 in
293 3567 463 3618 saecularibus
484 3568 635 3617 ordinandis
659 3578 744 3632 partes
768 3569 822 3616 eius
842 3568 928 3617 nullae
946 3582 1001 3617 csse
1026 3575 1171 3633 potnerunt
1209 3566 1262 3619 Sed
1281 3584 1339 3619 rere
1360 3571 1465 3620 Tacitus

139 3664 188 3713 hoc
207 3669 305 3712 tanturn
326 3662 388 3711 dicit
401 3662 556 3724 Augustum,
577 3676 634 3709 curn
648 3661 736 3710 Labeo
749 3660 876 3723 Capitone
896 3667 979 3710 aetate
998 3661 1082 3709 maior
1098 3661 1124 3711 in
1138 3660 1228 3710 ordine
1248 3663 1378 3725 praetorio
1397 3663 1465 3712 lrunc

139 3754 315 3821 praecederet,
340 3753 460 3817 Capitoni
480 3753 562 3802 fasces
581 3759 657 3802 antea
675 3753 789 3814 dedisse,
815 3768 891 3816 qnam
910 3754 1068 3802 cousuetudo
1086 3754 1228 3818 requireret
1247 3754 1274 3804 in
1294 3755 1350 3805 viro
1369 3770 1464 3821 nequa-

138 3864 214 3913 quam
234 3862 348 3897 summae
368 3845 517 3895 nobilitatis.
556 3845 645 3909 Iraque
665 3845 729 3894 nilril
749 3846 841 3907 obstat,
866 3846 1002 3910 quominus
1021 3846 1114 3911 Capito
1134 3854 1207 3897 natus
1227 3848 1260 3896 sit
1280 3846 1390 3898 Caesare
1410 3848 1462 3898 dic·

137 3948 227 3990 tatore.

214 4030 238 4092 ²)
267 4033 353 4081 Ludos
378 4046 422 4080 eos
447 4038 579 4081 enumerat
598 4030 736 4081 Suetonius
756 4033 823 4095 Aug.
841 4031 873 4080 31
895 4033 962 4081 inter
980 4030 1107 4098 perstatim
1132 4028 1229 4081 abolita
1251 4047 1281 4082 cr
1304 4033 1462 4082 caerimoniis

137 4125 260 4190 nrrtr'qrn's:
285 4125 353 4172 idem
373 4125 408 4172 ait
431 4124 535 4185 (Claud.
550 4124 594 4183 21)
616 4123 753 4173 Claudium
772 4123 798 4171 in
818 4123 931 4173 historiis
950 4126 1003 4174 suis
1022 4125 1122 4175 tradere
1141 4125 1294 4174 intermissos
1312 4142 1355 4175 cos
1374 4125 1460 4190 Anqu-

136 4224 196 4265 stnm
216 4216 291 4264 multo
311 4223 371 4282 post
390 4215 578 4281 ‹lr'lr'yerrtr'ssr'me
598 4230 717 4263 aratrorum
741 4215 838 4264 ratione
857 4213 978 4266 errlrducta
997 4217 1023 4265 in
1043 4215 1153 4267 ordinem
1171 4217 1306 4283 redeqissc.
1338 4217 1462 4271 Similiter

135 4311 264 4359 Zosimus:
288 4298 376 4369 ταύτης
394 4304 432 4355 ἐπὶ
451 4297 545 4377 χρόνον
563 4304 607 4369 τῆς
625 4300 721 4362 θυσίας
741 4300 919 4372 α’μεληθαίσης
941 4294 1017 4364 αὖθίς
1034 4324 1103 4357 τινων
1123 4299 1295 4377 supervimus
1315 4302 1461 4375 νίποθυμίυν

135 4389 283 4449 decreticum
308 4388 350 4461 miv
374 4387 456 4466 {operia
475 4386 643 4461 Ὀκταβνανίς
667 4391 680 4446 ὅ
699 4388 843 4459 Σεβαοτίς,
871 4385 912 4446 τίν
931 4385 1030 4467 Seruis
1048 4392 1150 4464 Ἀτηίου
1170 4399 1315 4459 Καπίτωνος
1339 4399 1459 4467 ἐξηγησα-

135 4491 215 4562 pirae,
235 4480 292 4548 rarl;
310 4482 425 4562 χρόνους,
448 4485 511 4541 καθ’
525 4482 565 4548 eric
584 4488 633 4540 ider
646 4482 689 4554 την
701 4486 795 4540 θυσίαν
808 4486 929 4559 γενέσθαι
943 4490 982 4540 καί
995 4479 1038 4555 την
1051 4486 1160 4561 Scarpias
1173 4492 1300 4565 ἀχθῆναι,
1319 4491 1365 4542 τῶν
1377 4510 1459 4541 πεντε-

134 4582 234 4634 καίδεκα
258 4578 362 4650 ἀνδρῶν,
390 4581 414 4633 οἳ
437 4571 468 4634 τοί
488 4575 621 4646 Σνβιίλλης
642 4580 762 4647 θέσφατα
786 4573 918 4649 pradum
938 4574 1102 4657 ἓτνίχὲηοαν,
1129 4574 1348 4649 ἆνερουνησοίντυν.
1387 4589 1459 4637 Haec

135 4680 192 4742 ipss
215 4687 281 4728 recte
302 4679 394 4727 tradita
413 4688 471 4728 sunt
490 4694 537 4727 uec
557 4678 708 4726 coniecturis
728 4678 890 4740 temptanda:
917 4680 983 4729 inter
1003 4665 1086 4746 inperia
1106 4687 1131 4727 et
1149 4665 1191 4726 τίν
1210 4664 1309 4747 ἓεομίν
1328 4680 1396 4744 quod
1416 4696 1458 4728 eo·

134 4771 182 4820 dex
204 4772 344 4834 interponit
362 4756 456 4818 είτοίτυν
477 4759 549 4818 ὄντων
562 4762 669 4818 Λουκίου
685 4764 845 4836 Κηνσωρίνου
864 4768 903 4818 καί
923 4759 1027 4837 Μείρεεου
1046 4766 1169 4820 Μαλλίου
1190 4764 1321 4834 Παυηλίου
1340 4786 1372 4821 ex
1391 4788 1457 4822 mar·

134 4864 193 4926 gine
214 4864 309 4912 intrusa
330 4872 355 4911 et
379 4864 532 4927 pertinentia
551 4863 584 4911 ad
603 4862 745 4911 saecularia
764 4876 787 4910 a.
802 4862 854 4911 605
876 4863 993 4912 ridentur
1017 4877 1149 4927 peruerse
1172 4878 1259 4914 eorum
1280 4879 1344 4929 qnae
1368 4865 1457 4929 paullo

134 4962 192 5004 ante
212 4962 270 5017 post
289 4945 428 5020 ναξ-η’γισαν
449 4956 605 5003 exciderunt.
637 4954 741 5004 Scilicet
761 4955 797 5002 ita
815 4955 932 5004 Zosimus
952 4955 1064 5004 narrarit
1083 4956 1213 5005 oraculum
1233 4956 1349 5021 Sibyllae
1368 4957 1400 5006 de
1419 4958 1456 5005 lu-

133 5048 173 5096 dis
192 5048 364 5096 saecularibus
384 5048 540 5097 celebrandis
560 5047 656 5095 editum
671 5060 726 5093 esse
746 5062 769 5095 a.
786 5046 837 5095 505
858 5055 883 5095 ct
902 5048 1040 5097 secundum
1061 5048 1086 5095 id
1106 5056 1157 5095 tam
1177 5063 1208 5097 eo
1222 5063 1289 5098 anno
1308 5050 1383 5099 ludos
1402 5048 1456 5097 edi-

133 5148 172 5188 tos
192 5155 267 5203 quam
287 5141 386 5199 abbir,
407 5140 533 5188 adnotans
552 5139 603 5187 iam
623 5154 647 5186 a.
661 5138 713 5185 400
734 5138 829 5186 similes
848 5139 923 5189 ludos
942 5155 996 5189 csse
1016 5140 1164 5201 celebratos,
1184 5140 1234 5189 illis
1247 5141 1340 5191 deiude
1357 5157 1455 5192 sncces-

132 5233 194 5283 sisse
214 5233 289 5281 rebus
308 5234 409 5280 interim
430 5232 536 5279 turbatis
554 5231 628 5279 ludos
648 5229 757 5293 Augusti
776 5245 799 5278 a.
816 5231 877 5280 7³7.
