3472 5828
473 610 677 659 CONVIINTVS
705 610 1022 660 CARTHAGINIENSIS

90 707 277 715 ——a———a
335 697 338 701 v
654 708 911 716 --——-——--——=-

93 788 155 858 182
186 792 292 853 Galeas
321 794 367 852 dol
394 793 513 873 Grisgo,
544 814 606 872 rep.
636 815 662 853 a.
699 796 777 853 1892
808 794 841 853 in
871 795 1081 855 effossionibus
1110 793 1258 854 institutis
1288 802 1410 872 sumptu

133 900 308 975 Thompson
337 896 431 973 Angli
461 917 515 974 per
543 900 714 959 Romanurn
745 897 854 959 Garcia
882 898 985 974 Soria3
1017 898 1123 978 cippus
1150 918 1290 978 magnus,
1323 897 1410 958 cuius

132 1001 227 1063 iacies
248 1001 393 1078 inscripta
415 1001 476 1061 alta
503 1009 549 1062 est
578 1021 617 1061 m.
643 1006 729 1081 (1.45,
759 1002 820 1062 lata
845 1005 932 1082 032,
960 1002 1070 1063 littaris
1099 1003 1187 1063 bonis
1210 1003 1323 1062 saeculi
1346 1004 1409 1062 lere

134 1106 258 1167 secundi
280 1105 425 1184 ineuntis,
449 1104 518 1167 altis
540 1126 578 1164 m.
604 1109 676 1166 0.06
701 1108 739 1165 ad
762 1109 844 1167 0.⁰5.

753 1940 789 1979 aa
822 1954 828 1966 ·

609 2048 673 2097 puori
696 2042 808 2087 (Mas

636 2126 712 2226 argele
728 2147 743 2191 s
759 2149 767 2190 1
783 2147 804 2189 v
819 2145 842 2188 re

620 2255 848 2303 senosaldll.

609 2314 812 2509 ioputsllCA

675 2458 736 2521 'EC

89 2696 242 2772 Descripsi
265 2718 302 2755 ex
326 2703 432 2774 ectypo
455 2705 486 2756 et
506 2696 638 2771 imagine
660 2696 869 2772 photographa
891 2716 908 2753 a
931 2695 999 2753 Fita
1021 2693 1131 2770 missis,
1155 2691 1208 2769 qui
1231 2694 1276 2751 ed.
1300 2691 1353 2751 bol.
1378 2691 1411 2748 de

89 2799 118 2856 la
129 2797 219 2858 Aeac.
238 2802 313 2858 XXI
329 2801 408 2859 1892
425 2821 454 2876 p.
469 2802 527 2861 136
545 2819 612 2858 cum
627 2798 759 2875 imagine
774 2797 969 2874 phototypica
984 2818 1020 2858 ex
1035 2796 1245 2876 photographa
1259 2813 1408 2871 expressa.

132 2905 225 2978 Lege:
254 2949 362 2962 .....
380 2924 448 2961 cras
477 2899 681 2982 alpemque
707 2898 811 2981 Segob[
834 2896 972 2981 'ahaim
1001 2897 1091 2980 {saroa
1118 2898 1182 2959 sive
1204 2896 1324 2957 audibo
1337 2893 1411 2977 Λαι-

91 3001 486 3086 manutenemu-
854 3031 856 3035 ·

131 3111 168 3168 V.
191 3114 202 3167 l
229 3106 400 3190 [Barb]arac
422 3109 575 3187 supplevit
596 3109 671 3186 Piis,
696 3110 777 3184 quod
797 3128 907 3167 nomen
924 3107 986 3168 sive
1002 3106 1080 3167 servi
1095 3107 1157 3165 rive
1173 3105 1300 3165 ancillae
1316 3104 1411 3163 fuisse

89 3211 214 3287 cogitari
244 3220 351 3289 potest.
410 3212 559 3273 Barbarae
587 3211 633 3271 vir
668 3212 753 3272 adest
785 3213 815 3272 II
839 3214 932 3272 3761.
985 3211 1118 3270 Nomina
1152 3219 1252 3268 autem
1279 3208 1312 3267 in
1341 3229 1411 3268 -ara

89 3316 231 3375 exeuntia
245 3317 360 3376 Iberica
380 3317 510 3376 virorum
526 3325 557 3376 et
570 3317 731 3377 mulierum
753 3337 814 3377 non
831 3298 940 3376 desunt
962 3313 1048 3396 (MLI
1069 3336 1098 3393 p.
1115 3316 1252 3373 CXXIII.
1275 3310 1409 3393 CXXV),

89 3420 172 3478 velut
187 3418 297 3478 Astera
318 3422 375 3479 viri
397 3422 583 3481 Balearicum
608 3417 647 3500 (II
664 3416 773 3499 3676);
796 3422 853 3480 hoc
870 3421 958 3496 quale
974 3419 1067 3479 fuerit
1083 3425 1163 3479 certo
1179 3417 1273 3477 statui
1295 3417 1409 3493 nequit.

132 3526 177 3582 De
200 3523 261 3582 situ
285 3525 466 3603 Segobrigae
490 3545 566 3601 quae
590 3523 663 3583 olim
685 3523 812 3600 exposui
839 3523 878 3602 (Π
900 3544 929 3601 p.
948 3526 1009 3583 419
1034 3527 1065 3582 et
1088 3518 1160 3600 528)
1183 3521 1234 3580 vix
1257 3526 1412 3581 mutantur

89 3629 146 3685 hoc
168 3627 267 3687 titulo.
312 3629 394 3686 Fieri
424 3647 496 3687 sane
525 3635 637 3705 potest,
668 3647 737 3686 curn
765 3628 940 3702 praesertim
968 3646 1030 3686 non
1057 3645 1123 3684 rara
1146 3624 1186 3684 sit
1207 3624 1240 3683 in
1262 3624 1411 3702 Hispania

89 3729 214 3805 originis
236 3730 380 3791 indicatio
402 3732 436 3791 in
458 3731 534 3808 ipsis
556 3731 685 3809 oppidis,
709 3739 744 3789 ut
765 3730 914 3789 indicetur
935 3732 992 3790 hoc
1015 3729 1103 3788 titulo
1119 3748 1230 3788 nomen
1253 3728 1412 3804 antiquum

90 3834 155 3892 eius
177 3835 346 3914 municipii,
371 3835 457 3894 cuius
479 3834 626 3910 reliquiae
641 3853 704 3893 non
719 3833 846 3910 exiguae
863 3840 967 3893 extant
982 3834 1015 3892 in
1032 3833 1106 3893 colle
1125 3831 1232 3892 calm
1246 3832 1292 3891 det
1309 3831 1412 3910 Griego

90 3937 169 3996 dicto
187 3938 262 3996 etin
279 3938 398 3998 vicinia.
436 3940 543 4015 Neque
566 3957 634 3997 vero
657 3937 712 3997 tali
734 3944 929 3998 monumento
952 3937 1118 3997 absolvitur
1139 3937 1285 4011 quaestio.
1321 3939 1413 4001 Quod

89 4039 204 4099 familia
226 4042 355 4119 publica,
380 4042 539 4118 municipii
561 4041 657 4120 ipsius
679 4049 762 4120 puto,
787 4061 872 4103 servo
887 4043 935 4101 vel
950 4041 1078 4101 ancillae
1100 4040 1143 4100 rei
1165 4039 1303 4118 publicae
1320 4043 1413 4117 Sego·

89 4143 274 4223 brigensium
297 4154 526 4204 monumentum
549 4145 636 4223 fecit,
666 4146 698 4205 id
719 4166 773 4224 per
795 4166 827 4206 se
850 4147 986 4205 nondum
1007 4145 1115 4222 prohat
1135 4144 1237 4203 locum
1259 4163 1329 4203 eum
1351 4165 1411 4219 quo

89 4255 225 4306 mortuus
253 4256 298 4307 est
326 4250 519 4327 Segobrigam
547 4249 656 4324 fuisse3
689 4251 788 4327 potuit
816 4249 887 4308 inde
916 4248 1042 4325 migrare
1072 4247 1246 4307 Ercavicam
1273 4249 1321 4306 rel
1349 4268 1408 4324 quo

89 4352 210 4410 nomine
233 4352 379 4429 oppidum
402 4352 478 4411 illud
500 4353 568 4412 fnit.
614 4356 660 4412 De
683 4354 743 4414 situ
767 4353 949 4430 Segobrigae
971 4351 1146 4412 testimonia
1168 4371 1245 4428 quae
1267 4353 1413 4411 hebemus

89 4454 268 4531 scriptorum
298 4456 469 4531 antiquiora
498 4457 574 4515 nihil
602 4457 763 4535 definiunt,
794 4456 965 4534 Strabonis,
996 4457 1016 4516 i.
1035 4476 1060 4515 e.
1083 4455 1240 4516 Posidonii
1263 4453 1315 4535 (m
1339 4459 1367 4533 4,
1394 4459 1410 4512 3

89 4552 140 4617 καὶ
157 4553 324 4641 Σεγοβρίγα
348 4551 373 4618 δ’
395 4555 457 4621 ἐστὶ
480 4559 538 4620 τῶν
556 4553 751 4643 Κελτιβήρων
774 4558 860 4629 πόλις
877 4554 930 4621 καὶ
945 4553 1093 4642 Bistua,
1115 4553 1185 4641 περὶ
1208 4555 1244 4628 ἃς
1259 4552 1412 4628 Μέτελλος

89 4654 140 4721 καὶ
169 4656 335 4744 Σερτώριος
367 4659 583 4745 ἐπολέμησαν),
614 4664 753 4724 Frontini
782 4667 818 4723 de
846 4664 926 4723 bello
955 4663 1064 4722 Viriati
1091 4663 1178 4722 Livio
1209 4663 1412 4723 intercedente

89 4767 216 4824 fortasse
239 4786 275 4824 ex
299 4767 403 4824 eodem
426 4766 590 4826 Posidonio
613 4767 811 4827 derivandum
838 4767 892 4845 (111
916 4770 964 4844 10,
983 4771 1001 4827 6
1024 4766 1234 4845 Segobrigenses
1257 4788 1275 4826 a
1304 4766 1413 4827 Vira'ato

90 4867 120 4925 ἐπ
141 4868 258 4927 imilliae
280 4869 392 4928 deducti
416 4868 565 4950 suamque),
598 4870 706 4950 Plinii,
735 4871 789 4947 qui
816 4871 849 4929 in
879 4871 1104 4930 enumeratione
1133 4872 1313 4948 populorum
1341 4891 1413 4930 con·

88 4978 197 5031 ventus
225 4972 485 5049 Carthaginiensis
513 4973 679 5034 litterarum
702 4976 807 5035 ordine
831 4975 977 5051 disposita
1000 4975 1166 5052 Agrippam
1189 4981 1219 5035 et
1240 4979 1413 5052 Augustum

90 5083 211 5136 secutus
241 5076 377 5135 nominat
406 5085 493 5155 capot
521 5075 685 5138 Osltrlcrr'ss
711 5077 921 5156 Segobrigenses
950 5077 1004 5157 (ΙΙΙ
1027 5074 1077 5155 25)
1102 5085 1131 5136 at
1152 5078 1284 5155 lapidem
1306 5097 1413 5155 specu-

88 5179 182 5238 larem
204 5181 282 5239 r'rrtra
306 5179 334 5240 0
343 5200 380 5240 na
392 5201 425 5258 p.
450 5179 527 5240 or'rae
540 5179 782 5261 Segelngensrraa
803 5180 899 5241 orbern
919 5181 1050 5241 inveniri
1073 5180 1148 5239 dicit
1169 5179 1311 5258 (XXXVI
1330 5180 1411 5260 160).

88 5282 255 5343 Ptolemaei
284 5304 354 5343 vero
385 5284 542 5345 collocatio
571 5280 749 5369 Σηγόβριγα
777 5285 996 5345 Celtiberorum
1024 5285 1107 5344 urbis
1137 5280 1175 5363 (ΙΙ
1199 5288 1231 5362 6,
1258 5282 1308 5364 57)
1344 5305 1413 5343 cum
