3472 5828
641 608 848 658 svcraarvn
1328 587 1402 660 513

1252 707 1404 718 —--—-.

127 793 260 850 Dederat
281 791 449 851 academiae
472 814 498 852 a.
526 795 606 853 1862
630 794 785 854 Antonius
807 795 957 852 Gonaalea
980 793 1110 873 Gachin,
1133 804 1280 871 repertam
1302 794 1335 853 in
1357 796 1405 854 lo·

128 894 209 954 dinis
232 896 383 957 Barronco
404 895 451 954 dal
471 895 534 973 Ray
555 896 728 973 provinciae
751 898 785 955 de
806 896 946 956 Almcria.

84 999 153 1061 Fica
174 997 229 1058 bol.
254 1001 287 1057 dr
309 1000 339 1056 lo
361 1000 450 1059 Acad.
475 1002 580 1059 XXVI
606 1002 686 1060 1895
709 1021 739 1077 p.
761 1002 822 1059 492
847 1019 916 1058 cum
938 1001 1050 1060 tabula.

128 1105 242 1162 Tantus
264 1124 282 1161 a
303 1103 427 1162 Zobelio
450 1105 554 1183 perite,
578 1103 715 1180 quamvis
737 1124 800 1163 non
822 1105 975 1180 eleganter
993 1103 1163 1182 descriptus
1186 1123 1310 1180 prorsus
1333 1124 1407 1164 con-

85 1206 168 1265 venit
190 1226 259 1265 cum
281 1207 455 1284 archetyp03
478 1209 559 1266 unde
582 1227 644 1266 non
666 1206 801 1284 repetivi.

172 1363 221 1421 Ad
243 1362 349 1420 titulos
371 1383 408 1420 ex
430 1362 496 1438 ipsa
517 1362 667 1438 Hispania
689 1361 901 1440 provenientes
915 1362 1014 1421 visum
1030 1369 1076 1421 est
1097 1362 1260 1439 adiungere
1284 1363 1407 1424 titulum

85 1465 234 1526 Ibericum
257 1471 397 1524 externae
419 1464 560 1541 originis;
583 1486 653 1525 nam
673 1469 755 1541 quod
776 1465 865 1524 facile
884 1465 951 1523 fieri
972 1465 1080 1544 potuit,
1104 1466 1219 1525 scilicet
1240 1475 1275 1524 ut
1298 1488 1314 1527 e
1336 1487 1407 1544 por-

85 1578 172 1627 tuum
193 1569 402 1644 Hispanorum
429 1568 507 1628 inter
533 1567 705 1628 Valentiam
734 1578 764 1628 et
792 1570 990 1628 Tarraconem
1016 1568 1251 1629 Barcinonemve
1278 1570 1407 1629 sitorum

84 1694 147 1731 nno
178 1680 349 1748 asportatus
378 1673 428 1750 sit,
458 1674 584 1731 fortasse
613 1693 668 1749 pro
697 1675 821 1732 saburra
850 1670 899 1751 (cf.
923 1675 1064 1732 adnotata
1087 1675 1125 1732 ad
1147 1694 1176 1733 n.
1202 1675 1284 1733 3585
1315 1694 1406 1751 snpra

84 1796 114 1853 p.
132 1772 215 1856 444),
240 1775 272 1835 id
293 1776 392 1853 ipsius
413 1776 522 1854 lapidis
544 1784 652 1836 natura
673 1776 792 1836 videtur
807 1777 963 1835 exclusum
986 1796 1061 1837 esse.
1100 1779 1216 1836 Hector
1230 1778 1312 1836 enim
1326 1778 1404 1855 Pais,

84 1880 129 1940 rei
152 1879 360 1957 epigrapbicae
383 1882 494 1939 Sardae
517 1881 732 1960 peritissimus,
762 1880 931 1941 sciscitanti
951 1880 1027 1939 mibi
1050 1879 1170 1959 scripsit
1195 1881 1326 1958 lapidem
1348 1880 1407 1940 sibi

86 1983 185 2043 risum
207 2004 273 2042 esse
301 1991 381 2043 certo
408 1983 536 2059 originis
558 1986 679 2044 Sardes.
725 1986 785 2043 Sed
812 1984 931 2043 etiarnsi
958 2004 995 2043 ex
1024 1984 1091 2061 ipsa
1117 1984 1257 2043 Sardinia
1284 1983 1406 2062 prodiit,

83 2089 206 2163 linguae
221 2087 353 2147 Ibericae
367 2107 441 2146 usus
456 2087 579 2147 minime
602 2089 710 2164 probat
725 2090 835 2147 Sardos
856 2088 973 2165 origine
989 2088 1092 2148 Iberos
1114 2088 1208 2147 luisse
1231 2095 1284 2146 aut
1304 2088 1407 2147 Iberos

86 2192 159 2252 olim
180 2192 331 2251 habitasse
345 2191 379 2249 In
395 2190 543 2251 Sardinia.
582 2194 625 2251 Ut
646 2205 780 2269 pataram
794 2191 995 2251 Urvinensem
1014 2193 1105 2251 homo
1121 2194 1227 2251 Iberus
1242 2193 1273 2250 in
1288 2190 1407 2249 Italiam

86 2314 189 2354 secum
216 2294 323 2353 tulisse
349 2297 502 2373 putandus
531 2301 577 2354 est
607 2293 691 2374 (MLI
715 2317 745 2355 n.
768 2293 877 2375 XLII),
908 2303 944 2354 ut
972 2295 1098 2354 Catinae
1126 2295 1159 2353 in
1186 2295 1291 2354 Sicilia
1316 2296 1407 2354 homo

85 2400 190 2458 Iberus
213 2398 291 2457 alius
313 2399 346 2456 in
368 2399 489 2457 vasculo
506 2401 622 2458 Graeco
640 2399 796 2476 inscripsit
809 2401 990 2458 vocabulum
1004 2399 1155 2458 Ibericum
1177 2398 1215 2455 ad
1236 2397 1409 2474 sepulcrum

86 2510 225 2579 spectans
248 2496 332 2581 (MLI
354 2522 383 2560 n.
397 2497 522 2581 XL11a),
547 2503 590 2560 ita
606 2502 765 2561 Caralibus
780 2501 1004 2562 mercennarius
1019 2502 1129 2578 aliquis
1143 2503 1248 2561 lbcrua
1270 2501 1303 2560 in
1322 2520 1409 2560 exer-

87 2604 150 2664 citu
172 2605 235 2664 sive
256 2605 372 2663 Punico
396 2604 459 2663 sive
481 2606 618 2665 Romano
641 2608 698 2665 deo
722 2606 814 2665 alicui
840 2606 937 2683 patrio
964 2624 1046 2664 aram
1071 2606 1120 2664 vel
1146 2606 1289 2665 defuncto
1316 2603 1409 2663 alicui

86 2717 280 2767 conterraneo
310 2708 432 2785 cippum
465 2710 662 2785 sepulcralem
692 2729 804 2785 ponere
831 2709 940 2786 potuit.
992 2711 1105 2769 Tamen
1139 2708 1331 2768 memorabile
1363 2716 1410 2766 ast

86 2820 316 2872 monumentum
330 2814 388 2870 boc
402 2812 533 2888 primum
547 2813 653 2890 lingua
668 2813 783 2872 Iberica
797 2813 985 2891 inscriptum,
1003 2814 1084 2888 quod
1099 2833 1114 2871 e
1132 2812 1271 2872 Sardinia
1286 2811 1407 2891 prodiit.

88 2997 155 3067 298
188 3004 347 3063 Caralibus
370 3004 403 3062 in
426 3004 565 3062 Sardinia
591 3000 761 3083 (Oaplicrr'),
786 3004 946 3062 columella
968 3025 984 3061 e
1006 3002 1108 3079 lapide
1137 3002 1276 3079 calcario,
1309 3002 1409 3076 qualis

132 3108 208 3166 solet
229 3107 273 3166 ibi
296 3107 441 3185 adbiberi,
465 3107 530 3166 sine
553 3107 748 3185 ornamentis,
772 3116 889 3183 reperta
904 3106 948 3164 ibi
969 3106 1001 3164 in
1024 3108 1112 3164 horto
1134 3104 1275 3164 botanico
1298 3112 1408 3182 vetere,

131 3211 185 3269 ubi
213 3220 258 3269 est
285 3219 503 3287 gasometrum3
535 3219 669 3270 servatur
705 3230 785 3269 nunc
814 3211 847 3267 in
875 3229 990 3270 museo.
1036 3209 1141 3267 Facies
1173 3210 1330 3269 columnae
1360 3208 1409 3266 in·

132 3314 243 3391 scripta
265 3314 325 3372 alta
346 3320 392 3372 est
411 3335 449 3372 m.
468 3316 550 3392 0.55‚
573 3314 634 3371 lata
652 3316 740 3387 0353
763 3312 879 3372 litterae
902 3313 979 3371 altae
1002 3322 1074 3372 sunt
1095 3332 1135 3372 m.
1152 3315 1235 3390 0.0'l,
1259 3312 1409 3389 profunde

132 3417 254 3477 incisae.
301 3416 392 3494 Lapis
414 3417 488 3475 olim
511 3417 627 3475 inverse
652 3417 816 3476 collocatus
839 3437 929 3494 supra
951 3428 981 3475 et
1003 3416 1083 3474 infra
1104 3417 1229 3476 mutilus
1251 3423 1306 3476 est.

648 3703 845 3786 ίΕῩω

646 3802 843 3883 ΝΜΗΩ

647 3902 839 3975 ιΝΞι

605 4012 840 4079 ιΑΧ4Χ

89 4244 244 4321 Descripsi
271 4265 307 4303 ex
336 4256 441 4320 ectypo
470 4252 589 4321 sumpto
617 4266 642 4304 a.
671 4246 749 4303 1891
781 4246 818 4302 ab
847 4246 980 4303 Hectore
1002 4242 1072 4301 Pais
1095 4243 1265 4319 professore
1288 4241 1409 4322 Pisano,

89 4348 142 4422 qui
169 4348 252 4406 misit
274 4348 444 4424 exemplum
467 4357 603 4406 accurate
627 4348 809 4424 descriptum
836 4346 921 4405 Eliae
949 4348 1053 4405 Lattes
1076 4347 1241 4423 professori
1262 4347 1411 4405 Mediola-

88 4449 188 4510 niensi
215 4462 319 4526 utpote
341 4451 464 4526 linguae
486 4452 629 4510 Etruscae
651 4452 838 4526 aliarumque
860 4470 1006 4527 perquam
1028 4469 1121 4526 gnaro
1145 4457 1176 4509 et
1197 4459 1302 4527 postea
1324 4451 1407 4509 mihi.

89 4554 232 4613 Ibericam
252 4575 317 4613 esse
339 4553 567 4632 inscriptionem
590 4554 743 4631 perspexit
758 4554 904 4612 Claudius
920 4552 1098 4613 Giacomino
1121 4556 1272 4630 professor
1294 4562 1324 4613 et
1344 4554 1410 4630 ipse

89 4657 352 4735 Mediolaniensie‚
384 4658 437 4732 qni
463 4658 622 4735 descripsit
652 4667 790 4734 ectypum
817 4656 1039 4715 accuratissime
1067 4665 1097 4715 et
1123 4656 1211 4721 facile
1238 4657 1410 4735 impetrarit

87 4770 122 4818 ut
142 4761 218 4819 mihi
240 4762 418 4821 mitteretur.
464 4762 593 4820 Litterae
617 4781 721 4821 omnes
743 4769 841 4819 certae
865 4769 945 4819 sunt.

132 4866 169 4924 V.
189 4867 203 4922 1
228 4867 332 4942 periit3
360 4867 452 4942 pedes
473 4872 591 4923 tantum
612 4865 782 4925 litterarum
804 4873 946 4940 quattuor
967 4871 1042 4940 puto
1066 4883 1152 4940 aegre
1176 4861 1387 4938 dispiciuntur.

131 4970 205 5027 V.2
229 4970 411 5027 elementum
442 4968 565 5027 tertium
585 4970 697 5027 formas
723 4969 814 5028 babet
839 4967 997 5044 angulatas
1019 4961 1064 5051 Ῡ,
1094 4968 1240 5026 rotundas
1268 4963 1410 5023 ultimum

88 5091 115 5129 v.
134 5073 151 5129 2
177 5064 222 5147 93
246 5076 299 5132 sed
319 5075 432 5132 formae
454 5072 526 5130 illae
549 5079 579 5130 et
600 5072 675 5131 alibi
695 5072 783 5133 iuxta
803 5070 996 5149 reperiuntur
1010 5066 1096 5153 (Mul
1110 5090 1139 5148 p.
1156 5068 1233 5147 XL).
1270 5068 1411 5126 Elemen-

88 5183 154 5233 tum
171 5175 312 5235 ultimum
337 5192 369 5232 ιιι
392 5177 468 5252 pede
491 5185 570 5234 caret
592 5172 676 5257 (Ψ),
697 5182 734 5235 nt
753 5175 788 5235 in
807 5180 912 5255 patera
925 5174 1105 5251 chorisnsi
1119 5172 1204 5255 (Mul
1219 5192 1249 5231 n.
1266 5172 1409 5250 XXXIV,

89 5278 128 5337 cf.
152 5300 180 5355 p.
198 5275 344 5360 XLVIII).

1136 5393 1201 5460 33*
