3472 5828
324 516 397 588 446
834 537 1122 588 rraaacortmtsis

322 723 473 804 Britanni,
502 732 602 785 tamen
630 724 695 783 fiori
727 730 827 801 potant
854 731 889 782 ut
917 725 1089 783 memoriam
1116 743 1216 783 rarum
1237 722 1429 799 antiquarum
1457 722 1647 783 servaverint

323 829 360 887 ab
382 827 445 887 illia
466 847 528 887 non
550 830 780 888 observaturum.
823 829 911 888 Unda
934 829 1100 905 optandum
1122 833 1176 907 art,
1199 833 1234 887 ut
1255 829 1381 888 schedae
1402 826 1472 887 illae
1494 827 1646 903 indagan-

322 938 372 990 tur
394 939 423 990 et
445 939 661 1008 comparentur.

325 1099 417 1167 1961>
449 1105 583 1183 Sagunti,
608 1124 669 1181 rep.
686 1106 719 1163 in
734 1105 826 1164 fluvio
842 1103 980 1165 paam
996 1125 1032 1165 ex
1047 1106 1171 1164 adverso
1187 1104 1305 1182 oppidi3
1329 1105 1389 1164 iam
1405 1111 1450 1163 art
1463 1104 1497 1165 in
1511 1105 1644 1164 theatro.

900 1260 1059 1302 L·me

900 1362 1063 1404 Turrani

900 1466 1060 1508 ΑΝ·ΧΧΧΧ

324 1587 453 1646 Chabret
473 1586 557 1646 misit
578 1607 596 1645 a
617 1607 649 1646 aa
672 1586 851 1662 descriptam
872 1605 911 1644 m.
937 1587 1022 1645 Febr.
1047 1608 1073 1645 a.
1101 1588 1191 1646 1896.
1258 1579 1261 1584 ’

810 1706 1019 1715 ..-.----.

325 1754 413 1822 1960
444 1759 583 1841 Sagunti,
612 1759 645 1820 in
668 1760 796 1819 cisterna
817 1759 883 1817 viae
908 1758 987 1818 Galle
1010 1759 1119 1837 Mayor
1142 1757 1186 1839 (eu
1207 1780 1246 1817 am
1268 1759 1395 1816 raatn'llo
1410 1779 1489 1835 para
1511 1766 1647 1818 emmor

366 1864 409 1921 laa
431 1860 528 1944 aquas)
551 1883 643 1940 propa
665 1868 783 1939 portam
804 1863 888 1921 urbia
911 1863 1029 1921 Ferriaa
1051 1862 1113 1922 aive
1136 1861 1336 1920 valentinam.

884 1992 1053 2069 oersmuvs

885 2129 1069 2171 Acarnania

905 2232 924 2258 r
939 2248 946 2260 ·
961 2206 1067 2312 airy

323 2397 454 2456 Chabrat
475 2395 559 2455 misit
580 2417 598 2455 a
619 2416 651 2455 aa
673 2395 852 2471 descriptam
875 2414 913 2454 m.
938 2394 1049 2454 Martio
1071 2415 1097 2454 a.
1127 2396 1218 2455 1896.

366 2503 446 2576 Lege
473 2500 504 2559 C.
525 2500 623 2560 Tillius
644 2494 873 2578 Apothemorpa]
897 2497 927 2556 Τ.
946 2495 1078 2577 Euripus
1094 2544 1100 2556 .
1119 2544 1125 2556 .
1144 2544 1173 2557 ..

367 2606 507 2663 Fortasse
529 2602 701 2680 Apathernar
722 2601 921 2679 perscriptum
943 2608 998 2660 ert.

1417 2749 1647 2759 .—

444 2881 482 2938 V.
513 2880 662 2938 OPPIDA
685 2879 809 2936 INTER
831 2878 1062 2938 SAGVNTVM
1083 2878 1135 2935 ΕΤ
1156 2877 1378 2938 DERTOSAM
1401 2897 1430 2956 p.
1447 2879 1520 2936 971.

324 3053 353 3092 n.
379 3036 461 3093 3920
492 3036 528 3092 In
551 3032 679 3110 epistula
701 3031 811 3108 scripta
833 3035 968 3108 Sagunto
991 3034 1029 3091 ad
1050 3031 1222 3091 Lamiaram
1244 3033 1272 3092 d.
1294 3035 1331 3092 10
1350 3051 1389 3092 m.
1412 3031 1489 3091 Maii
1510 3051 1537 3091 a.
1559 3035 1647 3094 1776

367 3157 384 3195 a
405 3138 493 3196 Patro
514 3137 647 3195 Iohanne
662 3135 741 3193 Mira
763 3130 972 3216 (Morel·Fatio
988 3136 1123 3211 Rapport
1143 3155 1172 3212 p.
1191 3133 1219 3213 9)
1242 3134 1394 3196 indicatur
1409 3134 1530 3214 aippum
1546 3136 1649 3197 altum

367 3259 433 3298 aare
455 3243 475 3299 6
493 3241 618 3316 palmos,
642 3238 737 3297 latum
761 3243 789 3318 3,
814 3246 929 3298 textum
951 3239 1086 3313 margine
1109 3238 1260 3299 inclusum
1282 3247 1383 3300 tenera
1405 3239 1454 3298 dos
1474 3241 1589 3315 palmos
1613 3263 1647 3300 en

367 3345 483 3423 quadro.
529 3344 629 3402 Verba
652 3363 713 3402 non
735 3343 851 3402 variant
873 3345 910 3402 ab
933 3344 1070 3419 exemplo
1094 3363 1169 3402 meo.

345 3465 628 3472 .-....-———--——
1033 3466 1055 3471 -.
1574 3466 1645 3473 -—.

326 3511 389 3578 197
418 3516 517 3593 Nalm,
544 3516 686 3575 Castelton
700 3520 733 3575 de
748 3522 777 3575 la
792 3518 894 3594 Plana,
916 3537 1005 3592 quem
1020 3518 1120 3576 vicum
1142 3527 1249 3594 putant
1264 3521 1302 3577 ad
1317 3519 1434 3577 Noulaa
1453 3518 1647 3577 mansionem

368 3639 432 3678 esse
449 3618 480 3677 in
495 3619 656 3680 itinerariis
672 3620 927 3680 Viaarellensibus
942 3628 1145 3701 memoratam,
1162 3621 1259 3680 avico
1276 3621 1460 3681 occidentem
1483 3640 1588 3680 varrus
1613 3622 1648 3681 in

369 3723 490 3799 praedio
513 3724 629 3782 domini
652 3725 791 3799 Santiago
814 3724 919 3803 Pujol,
950 3724 1054 3801 cippus
1078 3746 1114 3783 ex
1137 3724 1235 3800 lapide
1259 3726 1394 3802 calcario,
1424 3733 1547 3783 ornatus
1570 3746 1647 3785 ana·

367 3827 495 3907 glyphis,
518 3828 625 3886 litteris
648 3827 744 3886 malis.

884 4233 959 4272 FVL
1003 4233 1091 4272 Hir

884 4337 1088 4376 Ν1ὓ1ἈΝ

884 4439 960 4480 NOR
989 4438 1088 4479 ΧΧΗΙ

839 4541 1090 4584 tzorlcvs

883 4644 1090 4686 MARITVS

882 4749 902 4787 V
931 4748 1001 4789 XO
1032 4749 1088 4788 Rl

881 4849 1089 4892 Kartsw

883 4955 926 4995 ΜΕ
950 4953 1089 4996 ΠΒΕΗΒΞ

324 5103 500 5162 Franciscus
527 5102 658 5161 Chabret
687 5101 871 5175 Saguntinus
902 5099 986 5157 misit
1012 5119 1049 5157 m.
1078 5100 1160 5159 Maio
1188 5122 1213 5158 a.
1244 5103 1322 5158 1892
1353 5123 1370 5158 a
1398 5121 1430 5158 aa
1462 5100 1643 5178 descriptam

325 5214 469 5264 accurate.
