3472 5828
523 606 800 656 INSTRVMENTVM
827 606 1053 658 DOMESTICVM

574 830 597 888 ι
632 826 828 889 Pounnaa
849 849 878 907 p.
900 833 990 890 1000.

123 974 188 1045 255
218 982 392 1062 Pallantias,
409 984 526 1060 pondus
542 985 619 1044 telae
635 984 836 1066 argillaoenm,
853 983 1312 1062 servabatMarianusCarr0103
1334 992 1438 1063 postea

166 1091 219 1145 aut
240 1085 355 1146 interiit
376 1095 429 1145 aut
449 1088 530 1146 latet
576 1090 737 1150 Mensurae
760 1096 789 1150 et
810 1090 930 1168 pondus
952 1109 1014 1149 non
1036 1089 1216 1151 indicantur.

126 2439 192 2498 Fita
214 2437 267 2499 bol.
284 2440 316 2497 de
331 2438 361 2496 lc
376 2437 466 2496 Acad.
491 2438 593 2496 XXVI
621 2438 698 2495 1895
723 2456 751 2513 p.
772 2439 809 2494 72
838 2435 886 2493 cui
910 2457 926 2495 e
949 2436 1065 2497 schedis
1092 2437 1220 2496 Mariani
1243 2440 1366 2497 Currere
1388 2439 1440 2497 de·

125 2542 244 2621 scripsit
266 2543 378 2602 Simon.

168 2648 235 2706 Fita
256 2647 329 2722 legit
353 2641 536 2726 Capilsolnas)
559 2640 693 2725 Boziata)
715 2640 831 2725 dorcas)
845 2644 929 2725 feeit.
973 2647 1104 2705 Possunt
1126 2645 1216 2704 etiam
1239 2647 1298 2705 alia
1321 2645 1440 2721 excogi-

126 2752 189 2830 tari,
214 2751 241 2811 si
262 2753 350 2810 modo
374 2758 491 2809 constet
512 2751 549 2807 de
570 2749 707 2808 lectione.

170 2857 215 2915 Cf.
242 2857 324 2915 4962
341 2875 363 2915 0.

124 3008 192 3077 256
223 3018 304 3073 Inter
333 3013 477 3090 epistulas
505 3015 543 3071 ad
570 3012 708 3071 comitem
737 3013 771 3069 ds
793 3011 941 3071 Ιηιηιὰινσι
969 3013 1107 3092 scriptas,
1139 3034 1213 3089 quas
1244 3034 1340 3091 nuper
1369 3015 1441 3073 emit

167 3118 349 3179 bibliotheca
365 3118 485 3194 publica
498 3116 633 3175 Parisina
649 3115 684 3196 (v.
702 3136 791 3194 supra
807 3137 836 3194 p.
855 3113 937 3197 445),
962 3137 1023 3176 una
1039 3126 1084 3176 est
1097 3118 1178 3177 Petri
1193 3119 1229 3177 de
1247 3120 1346 3194 Leyva
1368 3118 1441 3176 anni

173 3225 264 3302 1773,
288 3222 395 3298 inqua
414 3227 550 3280 accurate
573 3220 716 3280 describit
736 3222 879 3280 trutinam
902 3241 1024 3280 aeneam
1047 3224 1213 3281 Romanam
1235 3229 1382 3298 repertam
1405 3242 1440 3281 eo

169 3347 248 3385 anno
260 3327 439 3402 Carthagine
451 3345 538 3404 nova,
551 3325 666 3383 adiecta
678 3324 878 3383 delineatione
890 3346 952 3384 non
967 3328 1127 3385 admodum
1138 3328 1218 3385 bona
1232 3346 1286 3384 nec
1302 3326 1440 3405 eleganti,

170 3435 223 3491 sed
245 3432 318 3491 satia
339 3430 505 3508 perspicua.
540 3428 661 3488 Miserat
676 3449 741 3487 eam
756 3430 846 3488 etiam
860 3430 1013 3488 Lndovico
1029 3431 1156 3506 Iosepho
1173 3431 1340 3505 Velazquec
1363 3451 1442 3489 mar-

170 3535 271 3594 chioni
286 3538 323 3593 de
338 3536 534 3613 Valdeflores,
550 3533 719 3609 antiquario
732 3533 810 3592 claro
826 3530 864 3612 (v.
879 3537 911 3593 C.
924 3536 946 3592 I.
964 3535 1019 3592 LII
1034 3554 1061 3610 p.
1071 3535 1161 3593 XXII
1174 3553 1201 3594 τυ
1216 3535 1362 3592 LXXXII
1378 3529 1440 3612 ιιι),

171 3641 257 3698 cuius
272 3637 433 3714 explIcatio
450 3659 510 3696 una
525 3657 593 3696 cum
605 3636 733 3714 epistula
748 3640 863 3713 Leyvae
880 3638 911 3695 in
927 3636 1079 3695 volumine
1095 3637 1291 3712 epistularum
1301 3636 1441 3694 ¹Parisino

169 3751 302 3803 servatur
314 3742 523 3821 (Mosei-Fatio
535 3742 669 3817 Rapport
679 3762 707 3817 p.
721 3739 780 3820 12).
804 3740 973 3798 Delineatio
989 3740 1145 3799 modulum
1161 3740 1312 3816 archetypi
1328 3748 1440 3814 servat3

169 3850 269 3924 Leyva
283 3848 412 3906 affirmat
426 3867 492 3906 earn
507 3848 616 3905 factam
631 3865 696 3905 esse
712 3865 820 3924 magna
835 3865 903 3903 cum
919 3865 989 3903 cura
1004 3851 1034 3902 et
1051 3843 1174 3903 omnino
1191 3843 1350 3902 convenire
1373 3864 1441 3902 cum

170 3954 337 4030 archetypo,
361 3952 451 4010 etiam
465 3952 497 4009 in
514 3949 650 4010 dentium
665 3969 742 4025 quoa
757 3949 831 4008 dicit
853 3948 1043 4007 indicatione.
1085 3949 1145 4007 Sed
1159 3969 1194 4006 ea
1209 3948 1333 4026 species,
1352 3968 1442 4024 quam

168 4075 197 4133 p.
215 4059 276 4116 482
293 4055 517 4132 exprimendam
533 4055 712 4132 curavimus,
736 4055 774 4112 ad
787 4053 943 4112 modulum
964 4052 1054 4129 paulo
1070 4052 1236 4112 breviorem
1251 4053 1372 4110 redacta
1386 4060 1441 4111 est.

211 4164 298 4224 Quae
320 4159 399 4219 infra
421 4166 587 4235 sequuntur
608 4160 755 4219 dabantur
777 4156 952 4237 Hultschio,
984 4156 1038 4232 qui
1059 4176 1077 4214 a
1098 4176 1146 4215 me
1168 4163 1290 4232 rogatus
1313 4155 1442 4216 trutinae

169 4263 315 4324 rationem
338 4263 507 4342 explicarit.

127 4386 180 4428 os
203 4368 292 4428 fustis
315 4367 496 4444 cylindricus
519 4387 587 4425 cum
610 4366 762 4445 strIgibus,
785 4365 817 4424 in
836 4365 946 4441 quibus
961 4365 1046 4424 filum
1067 4365 1164 4424 lancis
1182 4370 1290 4442 putant
1304 4362 1440 4423 iacuisse.

127 4490 183 4532 so
205 4472 311 4549 iugum
340 4472 403 4531 sive
425 4463 551 4549 scapus,
581 4489 673 4548 prope
701 4470 787 4529 cuius
815 4479 960 4548 punctum
989 4486 1008 4529 c
1033 4468 1147 4528 trutina
1175 4488 1322 4545 suspensa
1348 4468 1442 4527 fuisse

213 4576 339 4635 videtur.

127 4698 181 4740 ns
207 4680 351 4740 lammina
379 4698 448 4737 curn
476 4677 610 4737 numeris
643 4680 823 4757 ponderum,
857 4677 943 4736 ouius
972 4677 1006 4736 in
1039 4676 1179 4736 incisuris
1208 4697 1303 4735 unum
1332 4676 1442 4735 mobile

213 4786 333 4864 pondus
363 4802 542 4859 suspensum
570 4788 688 4841 tantum
715 4783 822 4842 mercIs
844 4781 877 4840 in
898 4782 984 4840 lance
1006 4781 1122 4858 positae
1145 4784 1265 4858 pondus
1287 4782 1441 4856 aequabat,

214 4898 359 4965 quantum
387 4894 476 4946 notae
508 4888 675 4963 ponderum
703 4886 831 4962 singulis
864 4885 1005 4944 incisuris
1032 4885 1196 4963 adscriptae
1224 4885 1441 4961 significabant,

214 5014 260 5053 ex.
277 5013 320 5070 gr.
336 4994 456 5069 pondus
471 4990 504 5049 in
518 4990 660 5071 incisura,
684 4990 734 5050 cui
750 5010 758 5049 1
774 4998 846 5050 nota
861 4991 1010 5068 adscripta
1025 4997 1079 5070 est,
1103 5009 1282 5066 suspensum
1299 4989 1444 5062 aequabat

212 5115 305 5157 unam
326 5097 427 5174 pondo
448 5095 556 5156 libram
577 5094 686 5157 mercis
707 5095 741 5154 in
762 5095 848 5155 lance
870 5095 994 5173 positae.

127 5213 236 5261 sena
256 5200 330 5261 lanx
350 5202 482 5263 rotunda
502 5207 549 5263 est
569 5199 709 5263 demetri
730 5221 769 5260 m.
795 5203 908 5261 01377
934 5207 964 5258 et
992 5200 1084 5259 habet
1110 5218 1203 5259 uncos
1232 5203 1383 5276 quattuor,
1411 5194 1444 5253 in

127 5328 131 5337 ¹
213 5302 326 5383 quibus
345 5304 432 5369 flium
451 5304 608 5385 tlsssbatur.

1171 5417 1236 5482 31*
