3472 5828
294 553 367 624 270
910 574 1007 625 acus

295 746 343 822 agi
366 746 402 804 ‹le
424 746 502 804 ludis
517 765 555 802 ex
570 745 749 803 liberalitate
771 746 858 803 editis
870 746 908 821 ¹).
943 747 1016 803 ltom
1035 746 1112 821 apud
1129 744 1304 806 Suetonium
1327 762 1512 823 nequaquam
1529 742 1623 821 signi·

295 847 423 906 ficantur
444 846 506 907 ludi
528 855 649 925 propter
671 849 813 906 bonorem
837 848 964 925 aliquem
987 849 1174 926 impetratum
1198 869 1217 907 a
1231 848 1453 927 magistratibus
1475 845 1548 905 editi
1569 864 1627 922 op-

296 950 386 1025 positi
409 949 655 1022 sacerdotalibus,
678 968 774 1027 neque
797 951 874 1009 enim
897 952 939 1009 sic
961 951 1136 1027 explicatur,
1158 970 1209 1009 cur
1230 951 1259 1008 id
1284 958 1387 1009 auctor
1403 948 1553 1008 addiderit
1573 966 1628 1006 ne·

297 1071 353 1127 que
377 1052 468 1110 ullum
491 1053 564 1111 alibi
584 1051 727 1110 indicium
749 1054 896 1128 reperitur
918 1053 1054 1111 ludorum
1077 1053 1238 1112 sollemnes
1260 1053 1323 1113 dies
1345 1053 1382 1111 ab
1400 1055 1536 1131 Augusto
1558 1066 1628 1109 esse

297 1154 479 1212 imminutos.
515 1154 612 1212 Immo
634 1156 691 1212 hoc
713 1155 819 1231 opinor
841 1157 970 1231 scriptor
992 1157 1042 1227 ait,
1065 1174 1131 1213 curn
1154 1155 1251 1214 adhue
1272 1154 1456 1215 consuetudo
1477 1152 1628 1211 obtinuis-

299 1264 354 1326 set,
378 1268 410 1314 ut
431 1257 624 1334 magistratus
646 1257 855 1315 sacerdotesve
878 1268 983 1332 sponte
1006 1276 1062 1315 sua
1084 1257 1171 1317 ludos
1191 1258 1312 1316 ederent
1332 1266 1412 1315 certo
1428 1272 1550 1314 numero
1565 1254 1630 1313 die·

300 1378 381 1430 rum,
408 1358 437 1415 id
460 1360 631 1437 Angustum
657 1358 721 1417 fieri
744 1362 884 1419 vetuisse.
907 1358 1063 1418 -Ludis
1091 1360 1259 1419 honorariis
1286 1360 1328 1417 ita
1355 1358 1513 1435 explicatis
1540 1356 1629 1415 simul

299 1461 448 1536 explicata
470 1470 517 1519 est
537 1479 614 1535 quae
635 1462 664 1518 in
688 1463 782 1521 sacris
798 1462 953 1519 Arvalium
977 1461 1023 1519 dio
1047 1462 1178 1521 secundo
1200 1462 1349 1521 immolari
1371 1461 1449 1520 solet
1470 1467 1539 1536 post
1558 1477 1629 1535 per·

300 1582 350 1620 cas
367 1563 535 1639 piaculares
556 1581 644 1621 uacca
665 1561 871 1638 honoraria2).
908 1563 982 1622 Eam
1005 1583 1071 1622 curu
1095 1562 1379 1639 adhucdiximus³)
1401 1564 1470 1621 iude
1492 1560 1630 1638 appella·
1690 1604 1694 1609 .

300 1677 361 1723 tam
384 1665 487 1735 videri,
510 1664 589 1741 quod
613 1665 671 1722 diis
694 1684 781 1724 sacra
801 1667 877 1724 fiunt
898 1668 1012 1724 lanaria
1034 1666 1149 1741 erpo⁴),
1174 1667 1264 1724 verba
1284 1666 1430 1735 dedimus,
1455 1683 1522 1722 nam
1546 1662 1630 1739 quod

302 1768 438 1826 omnibus
454 1786 609 1826 commune
624 1776 680 1839 est,
704 1769 742 1825 ad
765 1770 892 1843 speciem
909 1768 1148 1844 distinguendam
1171 1787 1229 1826 non
1252 1778 1350 1844 potest
1372 1767 1520 1843 usurpari,
1542 1764 1631 1841 quasi

302 1872 328 1927 ei
355 1870 506 1945 proprium
529 1880 618 1929 esset.
663 1873 705 1928 At
726 1872 797 1945 quid
820 1871 930 1940 subsit,
957 1871 1142 1947 significatur
1163 1871 1237 1946 ipsis
1260 1871 1334 1929 actis
1356 1870 1525 1939 Arvalium,
1553 1886 1632 1945 quae

302 1973 429 2031 victimis
453 1972 622 2030 honorariis
644 1980 800 2049 opponunt
825 1972 1001 2049 piaculares.
1044 1972 1123 2031 Nam
1146 1973 1294 2050 piaculum
1316 1974 1366 2050 qui
1389 1973 1470 2043 facit,
1498 1970 1632 2029 debitum

305 2076 406 2146 solvit;
429 2082 533 2132 eontra
549 2093 638 2133 vacca
659 2075 712 2133 illa
734 2074 802 2134 ideo
825 2075 985 2133 honoraria
1007 2075 1184 2151 appellatur,
1207 2076 1287 2153 quod
1310 2082 1416 2150 sponte
1431 2073 1542 2132 donata
1556 2072 1631 2132 deae

303 2177 524 2253 immolatur5).

387 2279 466 2338 Ludi
493 2280 622 2338 scaenici
644 2278 746 2337 Latini
774 2280 935 2339 sollemnes
961 2280 1037 2340 fiunt
1063 2301 1116 2358 per
1143 2292 1245 2340 noctes
1271 2288 1332 2340 tres
1355 2280 1479 2356 diesque
1506 2278 1630 2337 totidem

305 2384 369 2441 sine
391 2382 614 2441 intermissione
635 2382 686 2453 ibi,
709 2382 758 2440 ubi
782 2401 866 2441 sacra
887 2401 1005 2459 quoque
1027 2394 1219 2460 peraguntur,
1240 2384 1271 2442 i'n
1290 2400 1406 2461 campo,
1428 2382 1524 2458 prima
1545 2390 1633 2440 nocte

305 2486 364 2543 ritu
386 2493 502 2543 vetusto
530 2485 559 2541 iu
587 2503 697 2542 scaena
723 2485 789 2543 sola
815 2486 879 2542 sine
905 2485 1124 2561 spectaculist)
1153 2486 1247 2559 (reete
1269 2486 1359 2563 igitur
1381 2485 1521 2543 Zosimus
1545 2482 1574 2555 2,
1597 2483 1631 2541 5:

305 2580 597 2654 carcassona-Seiano
619 2589 724 2656 σκηνῆς
745 2578 820 2663 δίχα
842 2579 981 2670 θεάτρου,
1004 2588 1053 2645 nbi
1075 2607 1229 2665 perperam
1247 2589 1465 2646 substituerunt
1486 2585 1633 2644 recentio-

306 2707 355 2749 res
378 2684 479 2763 δίκην),
507 2687 613 2747 deinde
636 2689 752 2747 theatro
775 2696 908 2749 extructo
931 2699 959 2746 et
982 2689 1064 2747 sellis
1088 2690 1204 2765 positis.
1248 2688 1385 2749 Scaenici
1407 2689 1558 2748 honorarii
1581 2688 1633 2747 ad·

307 2792 374 2850 iecti
402 2810 421 2848 a
443 2790 648 2849 sacerdotibus
674 2810 712 2848 ex
740 2792 920 2849 liberalitate
944 2802 974 2850 et
1002 2792 1165 2851 continuati
1192 2793 1363 2850 intermisso
1385 2791 1433 2849 die
1453 2792 1554 2850 Iun.4
1579 2810 1635 2867 per

309 2895 373 2953 dies
397 2904 508 2968 septem
532 2912 551 2950 a
573 2913 640 2951 non.
657 2893 721 2951 lun.
745 2894 782 2951 ad
800 2894 846 2951 111
869 2893 907 2951 id.
925 2895 988 2952 lun.
1006 2920 1042 2944 =
1060 2894 1123 2952 lun.
1141 2894 1245 2952 5-11
1270 2895 1344 2952 fiunt
1364 2912 1430 2952 eum
1445 2892 1546 2951 Latini
1569 2900 1632 2953 tum

310 2995 421 3055 Graeci
443 3004 472 3054 et
494 2996 523 3053 hi
547 2995 596 3052 alii
620 2996 772 3071 thymelici
796 3005 875 3067 sunt,
897 2997 948 3054 alii
971 2997 1064 3055 astici.
1097 2996 1172 3054 Rem
1189 2997 1321 3071 explicat
1335 2996 1489 3055 Vitruvius
1512 2995 1584 3067 5,7,
1600 2993 1634 3052 2:

310 3103 411 3175 tropici
437 3109 462 3156 et
484 3101 581 3157 comici
601 3108 710 3157 actores
736 3103 765 3157 ia
786 3116 890 3156 scaena
912 3110 1067 3174 perupunt,
1096 3099 1199 3175 reliqui
1225 3109 1317 3157 autem
1341 3099 1463 3173 artifices
1485 3116 1555 3156 auus
1579 3116 1637 3173 per

311 3202 482 3260 orcleatrum
504 3210 655 3276 praestant
677 3205 817 3259 oenones:
843 3205 937 3276 itaque
960 3184 993 3258 e'a
1014 3221 1044 3259 eo
1067 3204 1189 3259 aeaerici
1210 3211 1236 3258 et
1257 3201 1398 3276 thymelici
1421 3198 1530 3259 Graece
1552 3218 1637 3276 sepu-

310 3308 395 3362 rutim
417 3307 604 3361 nominantur.
638 3304 787 3380 Ulpianus
809 3321 927 3379 quoquc
950 3303 1032 3380 (Dig.
1047 3303 1075 3373 3,
1093 3302 1121 3375 2,
1137 3305 1155 3361 4
1172 3305 1230 3378 pr.)
1254 3304 1428 3379 thymelicos
1451 3303 1489 3361 iis
1511 3303 1638 3379 opponit

387 3536 396 3541 ..
414 3531 513 3541 ’.ἢ

390 3698 413 3760 ¹)
440 3700 538 3748 Eadem
557 3698 743 3763 significatione
763 3699 939 3764 accipiendum
959 3707 996 3749 est
1010 3698 1160 3748 vocabulum
1179 3700 1221 3748 ubi
1241 3706 1377 3764 usurpatur
1397 3698 1428 3747 de
1443 3698 1502 3747 vino
1523 3697 1638 3747 frumen·

313 3801 397 3856 toque.
429 3791 544 3840 Isidorus
563 3793 626 3855 orig.
643 3794 685 3849 20,
700 3794 725 3855 3,
740 3794 769 3841 8:
790 3791 949 3841 lionuraru'urn
964 3792 1044 3840 rinion
1057 3790 1124 3857 quod
1140 3790 1241 3857 repibus
1259 3798 1282 3841 et
1297 3788 1440 3858 poteritibuu
1453 3789 1556 3839 honoris
1575 3807 1637 3855 pra·

312 3886 350 3933 tia
362 3884 480 3948 defertur.
512 3883 573 3933 Cata
587 3883 617 3933 de
631 3885 771 3934 irmccentia
783 3902 843 3933 sirii:
863 3902 915 3934 eum
935 3901 1009 3934 essem
1027 3885 1053 3933 r'n
1067 3885 1206 3950 prouincia
1218 3883 1316 3949 Iepatus
1334 3882 1491 3949 quamplures
1510 3881 1546 3931 ad
1562 3898 1639 3949 prue-

313 3984 379 4026 tures
398 3984 421 4027 et
444 3975 567 4035 corrsulcs,
593 3978 675 4025 ur'nrrnr
698 3975 856 4027 hortarer-ium
876 3976 970 4026 (labarit
993 3977 1035 4039 (ef.
1049 3974 1207 4027 sraaureetr
1226 3974 1253 4026 1³
1275 3994 1301 4042 p.
1317 3977 1369 4025 300
1388 3983 1441 4025 not.
1457 3976 1482 4035 2)
1508 3991 1641 4040 raumquam

314 4070 402 4134 accepi
419 4084 448 4118 ne
465 4070 581 4135 priuatus
600 4068 703 4135 quidem.
743 4070 833 4120 Cicero
852 4072 877 4120 in
898 4071 985 4120 Pison.
1002 4071 1043 4131 35,
1059 4072 1105 4119 86:
1130 4071 1174 4135 qui
1191 4068 1277 4118 modus
1296 4067 1343 4118 tibi
1352 4067 1408 4131 suit
1416 4067 1541 4131 frumenti
1559 4067 1640 4127 (scili-

314 4171 354 4211 cet
373 4162 398 4210 in
418 4161 516 4222 cellam,
542 4161 609 4225 quod
630 4162 792 4226 magistratus
811 4163 917 4225 requirit
935 4161 1057 4226 legitime)
1078 4161 1243 4211 aestimandi?
1267 4163 1311 4227 qui
1328 4158 1476 4210 honorarii?
1500 4160 1524 4207 si
1541 4159 1641 4225 quidem

312 4260 393 4321 potest
413 4254 439 4302 ui
457 4260 480 4302 et
498 4259 559 4302 rnetu
579 4259 698 4302 extortum
717 4251 874 4303 honorarium
895 4255 1025 4304 nominari.

391 4344 415 4406 12)
444 4348 549 4395 Henzen
570 4346 659 4395 Arval.
678 4362 702 4409 p.
718 4348 760 4394 20.

392 4436 418 4498 ³)
446 4440 522 4487 Venit
546 4439 721 4502 interpretatio
745 4455 760 4488 u
784 4440 895 4489 Marinio
917 4440 1004 4489 Arvul.
1025 4457 1049 4504 p.
1065 4440 1131 4490 310:
1157 4455 1214 4489 eum
1239 4439 1318 4489 secuti
1343 4448 1400 4489 sunt
1424 4442 1528 4489 Henzen
1549 4439 1642 4489 Arval.

316 4547 341 4595 p.
356 4534 388 4580 ‘22
409 4538 434 4579 et
453 4532 601 4594 Marquardt
622 4528 722 4580 Hundb.
738 4534 763 4591 a,
781 4533 840 4580 185.

392 4622 417 4684 ⁴)
448 4623 578 4673 Arnobius
598 4626 622 4684 7,
639 4626 671 4672 13
685 4638 737 4687 seq.

393 4715 416 4777 ⁵)
444 4717 543 4765 Eodem
563 4717 691 4779 pertinere
705 4718 804 4765 videtur
823 4717 892 4781 quod
912 4718 944 4765 ad
959 4717 1067 4782 Vergilii
1087 4718 1165 4766 verba
1179 4720 1243 4767 Aen.
1261 4720 1283 4777 l,
1299 4718 1364 4767 632:
1385 4715 1467 4765 dicuin
1488 4714 1586 4783 templis
1605 4718 1644 4766 in·

317 4808 379 4859 dicit
398 4807 511 4858 dorio-rem
531 4810 635 4861 Servius
654 4809 798 4858 adnotavit:
823 4808 947 4858 indictiva
964 4810 1092 4876 sacrificiu
1111 4808 1263 4871 dicebantur,
1284 4825 1347 4874 quae
1367 4808 1446 4858 subito
1466 4806 1502 4858 ad
1521 4824 1645 4874 praeseus

319 4911 410 4970 tempus
432 4898 618 4951 induebantur:
639 4898 784 4950 ‹iieednntnr
803 4917 878 4951 sacra
902 4910 925 4949 et
949 4900 1099 4962 ltonerarin,
1125 4901 1191 4968 quod
1213 4909 1340 4968 utrumque
1364 4899 1410 4950 doc
1429 4900 1483 4950 Ioco
1502 4900 1646 4967 corripiemus

318 4995 423 5046 usitetur.

395 5087 419 5151 ⁶)
447 5088 573 5152 Populum
593 5086 739 5138 Romanum
759 5094 846 5137 notum
867 5095 904 5136 est
923 5089 1067 5152 antiquiore
1087 5096 1201 5152 temporo
1225 5089 1299 5138 ludos
1318 5096 1426 5137 stantem
1446 5086 1600 5150 spectavisse
1620 5093 1647 5135 et

320 5197 343 5232 a.
358 5183 409 5231 590
430 5189 544 5231 senatum
558 5181 706 5243 decrevisse,
728 5196 757 5229 ae
776 5181 831 5245 quia
850 5180 874 5228 r'n
894 5178 953 5229 arde
969 5182 1118 5246 parquirere
1134 5181 1245 5247 perillo
1264 5179 1382 5229 srrdselliu
1397 5180 1512 5247 posuisse
1527 5177 1646 5230 sedensue

320 5272 392 5327 ludus
411 5282 522 5341 apertura
540 5274 613 5323 uellet
632 5272 700 5335 (Val.
715 5275 786 5323 Maru
802 5278 827 5335 ⁶2,
841 5276 867 5335 i,
882 5274 917 5335 2).
