3472 5828
334 490 407 560 256
952 510 1046 560 nc'tn

334 683 371 739 dc
393 683 614 757 precationibus
630 682 727 761 agitur
742 701 936 758 exponemus.
969 682 1018 742 De
1034 682 1223 742 sellisterniis
1246 682 1431 758 habendis¹)
1453 682 1553 740 omnia
1574 688 1663 740 nota:

335 786 423 843 ctiam
449 785 479 842 iu
503 784 703 843 saecularibus
730 786 809 844 ludis
830 786 1047 862 antiquioribus
1074 806 1111 845 ea
1132 786 1297 846 obtinuisse
1323 784 1408 844 testis
1429 796 1475 844 est
1500 783 1666 843 secundum

333 887 426 944 libros
455 887 643 963 incorruptos
666 886 804 946 Valerius
832 888 983 946 Maximus
1016 889 1122 965 (supra
1150 889 1252 965 past
1282 898 1341 947 not.
1359 888 1402 963 3).
1446 885 1581 948 Sufficiet
1610 904 1664 961 ap·

334 989 528 1066 posuissetis
550 990 588 1047 iis
610 989 694 1048 locos
710 990 797 1061 duos,
819 991 944 1049 alterum
962 990 1075 1049 Valerii
1099 992 1231 1049 eiusdem
1255 990 1283 1063 2,
1303 994 1328 1064 l,
1346 989 1378 1047 2:
1402 990 1481 1049 louis
1503 990 1588 1066 epula
1603 992 1668 1065 ipsc

334 1095 364 1148 in
387 1092 498 1163 lectum,
526 1093 598 1149 luno
625 1102 651 1150 et
672 1092 804 1150 illinerea
830 1098 858 1149 in
886 1093 973 1151 sellas
999 1096 1040 1151 ad
1064 1113 1158 1151 eniam
1185 1093 1387 1164 incitabantur,
1415 1093 1539 1151 alterum
1562 1089 1666 1151 Taciti

336 1195 525 1267 ann.15,44
548 1194 583 1253 de
606 1194 732 1251 incendii
757 1195 837 1253 urbis
860 1196 973 1254 Romae
996 1196 1165 1271 expiatione
1186 1195 1350 1272 imperante
1370 1194 1506 1253 Nerone:
1528 1214 1594 1253 raas
1611 1212 1666 1271 pe·

337 1300 389 1354 tita
410 1299 465 1354 diis
483 1297 603 1372 piacula
625 1299 752 1373 aditique
775 1296 913 1373 Sibyllini
935 1298 1011 1368 libri,
1033 1318 1066 1355 ec
1088 1301 1190 1375 quibus
1212 1299 1404 1375 supplicatum
1421 1298 1545 1357 Vulcano
1568 1306 1594 1355 et
1614 1294 1668 1357 Ce-
1709 1326 1712 1331 ·

336 1402 396 1455 reri
421 1398 668 1475 Proserpinaeque
695 1418 729 1456 ac
758 1404 921 1475 propitiata
947 1401 1019 1457 luno
1045 1420 1098 1475 per
1124 1412 1269 1459 rnatronas
1295 1406 1421 1477 primum
1449 1404 1478 1458 in
1509 1396 1667 1475 Capitolia,

337 1503 438 1558 deinde
460 1502 500 1557 ad
521 1507 681 1577 proximum
702 1521 780 1560 rriare
807 1546 833 1559 ..
849 1545 875 1559 ..
905 1513 930 1560 et
951 1503 1123 1561 sellisternia
1144 1522 1180 1561 ac
1201 1505 1360 1580 percipilia
1383 1503 1557 1563 celebravere
1576 1501 1667 1575 semi-

335 1622 390 1661 nae
412 1605 513 1679 quibus
534 1608 631 1663 mariti
651 1614 739 1661 erant.
777 1604 852 1661 Iuno
874 1615 903 1662 et
919 1604 1028 1677 Diana,
1051 1608 1159 1681 quibus
1182 1626 1201 1663 a
1223 1607 1366 1664 matronis
1390 1604 1481 1664 sellae
1503 1610 1667 1682 ponuntur,

336 1704 399 1764 sine
422 1706 512 1763 dubio
534 1714 602 1764 sunt
623 1704 754 1765 Lucinae
776 1706 860 1765 duae.

419 1808 467 1867 De
493 1809 594 1884 pueris
620 1809 784 1886 puellisque
807 1810 937 1886 septenis
959 1811 1070 1869 vicenis
1093 1811 1124 1869 in
1146 1812 1220 1871 actis
1242 1822 1360 1887 praeter
1382 1811 1480 1870 locum
1503 1809 1590 1868 modo
1613 1806 1668 1866 ad·

336 1911 428 1968 latum
452 1931 478 1968 v.
496 1910 621 1970 73-75
644 1912 832 1989 reperiuntur
851 1912 925 1971 haec
948 1912 1030 1986 (nam
1050 1917 1136 1989 pueri
1156 1934 1281 1991 quorum
1297 1915 1408 1973 mentio
1429 1916 1464 1973 fit
1485 1932 1512 1971 r.
1530 1912 1590 1971 164
1614 1910 1668 1969 vix

337 2024 404 2072 sum
426 2013 542 2089 iidem):

337 2201 376 2241 ex
398 2183 527 2257 epistula
548 2182 750 2257 imperatoris:

366 2320 378 2359 s
498 2302 583 2378 [br]ni
604 2304 682 2361 clari
703 2323 742 2380 qu
755 2349 761 2362 .
775 2349 802 2362 ..

351 2458 377 2498 m
495 2459 600 2515 pueros
621 2445 798 2518 eirqinesque
819 2446 959 2517 patrimus
982 2442 1205 2520 matrirrqoaque]

351 2559 376 2599 m
420 2543 473 2618 [ad
493 2561 603 2601 carmen
627 2544 795 2620 can]endum
818 2545 972 2621 clarosque
994 2546 1134 2604 labmdos
1154 2548 1317 2621 frequentes
1338 2545 1384 2622 u[t
1405 2546 1503 2603 adsint

350 2662 377 2701 aa
418 2645 547 2721 ite]nrque
568 2647 608 2703 ad
629 2666 662 2703 ea
683 2650 828 2723 sacrificia
850 2656 934 2724 atquc
955 2650 997 2705 ad
1017 2668 1062 2706 eos
1085 2649 1167 2705 ludos
1192 2646 1369 2725 poraneus]

351 2762 377 2805 aa
421 2746 596 2823 [dilipeuber
616 2752 795 2808 meminerint.

338 2934 375 2973 ex
398 2915 472 2974 actis
495 2915 552 2974 diei
574 2918 654 2975 tertii
675 2936 701 2975 v.
721 2917 899 2976 lat-149:

420 3038 615 3113 sacrffieioque
632 3039 758 3114 perfecto
778 3042 862 3113 pueri
883 3037 1050 3114 [X]XVII,
1072 3038 1173 3114 quibua
1189 3041 1382 3097 denuntiatum
1403 3049 1473 3109 erat,
1496 3040 1621 3113 patrimi
1642 3048 1669 3095 et

462 3144 585 3197 matrimi
606 3151 631 3197 et
650 3140 765 3216 puellae
786 3143 921 3217 totidem!
942 3160 1054 3199 carnien
1075 3145 1240 3211 cecinerunt,
1264 3142 1437 3217 eo[de]rnpue
1458 3142 1541 3199 mode
1563 3143 1592 3199 in
1610 3140 1669 3199 Ca·

459 3243 570 3317 pitolio.
596 3244 600 3318 l
626 3242 746 3301 Carmen
768 3247 923 3319 coniposuit
948 3243 983 3312 Q.
1005 3243 1172 3320 Hor[at]ius
1195 3245 1329 3303 Flaccus.

339 3444 457 3523 Sibylla
485 3455 640 3523 postquam
663 3448 740 3505 dixit
762 3449 798 3505 de
820 3466 906 3506 sacro
930 3448 1063 3525 Apollini
1087 3450 1223 3508 iaciendo
1252 3449 1360 3526 pergit:
1388 3436 1436 3505 noi
1458 3438 1618 3515 ἄειδόμονοῖ
1637 3470 1669 3503 τε

338 3552 449 3606 Λατῖνοι
471 3550 590 3608 παιᾶνες
611 3539 732 3631 κου’ροιοι
753 3542 853 3631 uo'pqri'
870 3573 899 3607 rs
922 3545 985 3621 νηδν
1000 3546 1095 3629 ἔχοιεν
1111 3542 1285 3609 ἀθανάτων·
1308 3538 1397 3633 «χωρὶς
1419 3538 1450 3606 δὲ
1471 3539 1550 3632 uc'perr
1572 3540 1669 3627 χὸρον

340 3638 424 3708 adrui
451 3641 549 3728 ἔχοιεν
570 3640 617 3707 uni
642 3642 732 3732 χωρὶς
759 3647 867 3709 παίδων
889 3640 977 3731 ἅρπην
999 3646 1127 3731 στάχυς.
1172 3648 1249 3711 ἀλλὰ
1275 3644 1381 3729 quartini
1403 3645 1510 3715 adurae
1535 3646 1669 3721 ξωόντων

340 3743 380 3815 οἷς
402 3746 576 3828 ἀμφιθαλὴς
597 3748 635 3810 ἔτι
657 3746 762 3829 φύτλη.
805 3754 880 3812 Item
904 3755 1057 3815 Zosimus:
1087 3747 1171 3838 ἦμέρᾳ
1194 3748 1224 3815 δὲ
1246 3748 1319 3835 τρίτῃ
1342 3753 1369 3810 ἔν
1390 3756 1432 3831 τῷ
1452 3747 1527 3812 κατὰ
1549 3748 1579 3811 ri
1604 3759 1669 3813 Πα-

339 3849 437 3913 λοῖτιον
456 3846 637 3917 Ἀπᾶὶλωνος
658 3856 722 3937 ἱερῷ
742 3848 799 3937 cpia
819 3847 895 3914 ἐνιέἀ
916 3850 1017 3915 πνι’δες
1039 3856 1184 3930 ἐπιφανεῖς
1206 3854 1276 3925 uerri
1299 3847 1448 3939 παρὲἷνων
1467 3846 1622 3924 τοσούτων,
1645 3856 1670 3913 οἱ

340 3949 446 4015 πάντες
468 3954 659 4034 ἀμφιθαλεῖς,
680 3952 746 4039 ὅπερ
761 3948 834 4015 {crin
851 3951 1027 4041 ἀμφοτέρους
1043 3955 1107 4021 τούς
1130 3962 1221 4035 γονεῖς
1243 3949 1364 4036 ἔχοντες
1386 3950 1541 4042 repsc'ercec,
1562 3949 1670 4023 iuncos

340 4050 443 4135 ᾄδοντι
466 4063 501 4138 τῇ
522 4084 551 4117 rs
571 4054 713 4129 Ἑλλήνων
734 4050 781 4117 ani
795 4054 936 4118 ‘Parum'urr
959 4065 1040 4139 φωνῇ
1061 4053 1107 4119 reni
1128 4064 1264 4129 παιᾶνας,
1286 4056 1324 4117 δι’
1340 4050 1375 4121 οἷν
1390 4062 1420 4119 cei
1441 4054 1496 4120 ini
1510 4054 1670 4129 Ῥωμαίους

341 4155 476 4232 σώζονται
503 4153 605 4224 πόλεις.
650 4162 788 4221 Carmina
817 4173 936 4222 cantata
963 4184 1030 4223 esse
1058 4166 1158 4243 lingua
1182 4176 1304 4242 utraque
1327 4165 1467 4223 Zosimus
1494 4163 1596 4240 posuit
1624 4184 1669 4223 er-

341 4284 420 4335 rore,
447 4284 533 4340 quem
561 4267 618 4323 iam
646 4267 796 4341 redarguit
822 4275 956 4325 actorum
981 4269 1141 4325 silentium.
1178 4267 1245 4326 Hoc
1266 4287 1374 4326 norum
1398 4267 1579 4325 addiscimus
1604 4285 1670 4324 ear·

341 4388 408 4426 men
436 4370 513 4443 quod
538 4373 692 4443 composuit
718 4370 751 4438 Q.
775 4369 915 4426 Horatius
944 4371 1069 4428 Flaccus
1098 4390 1156 4427 non
1185 4371 1280 4428 solum
1311 4373 1340 4429 in
1367 4370 1485 4428 Palatio
1513 4377 1670 4427 cantatum

341 4489 418 4539 esse,
441 4470 491 4527 sed
516 4471 582 4527 item
606 4471 635 4528 in
652 4468 809 4544 Capitolio.
844 4472 877 4528 Id
901 4474 1059 4546 quominus
1083 4473 1261 4548 accipiamus
1285 4473 1438 4530 decadem
1454 4472 1583 4530 carmine
1608 4491 1670 4529 non

341 4572 423 4630 brevi
446 4573 491 4629 bis
514 4574 651 4647 repetito,
679 4582 884 4650 argumentum
907 4575 1017 4632 obstat:
1045 4594 1112 4631 neam
1135 4576 1264 4649 ineptum
1288 4575 1364 4632 soret
1385 4576 1484 4632 Iovem
1508 4573 1671 4632 lunonem·

342 4694 397 4751 que
420 4676 462 4732 ita
482 4675 638 4737 celebrari,
665 4684 696 4732 nt
718 4694 811 4750 neque
832 4677 861 4732 in
883 4678 1029 4752 principio
1052 4678 1192 4734 earininis
1215 4696 1310 4752 neque
1333 4680 1362 4736 in
1385 4677 1442 4733 fine
1465 4677 1522 4752 ipsi
1546 4693 1670 4753 compa-

341 4787 449 4836 rerent.
494 4778 535 4834 At
556 4797 621 4835 cum
645 4779 682 4835 ab
705 4778 854 4853 Apollinis
879 4778 1053 4855 Dianaeque
1079 4779 1216 4838 laudibus
1239 4799 1356 4838 carmen
1383 4790 1411 4837 et
1435 4778 1559 4854 incipiat
1586 4781 1671 4837 etin

421 5112 443 5172 ¹)
474 5112 632 5163 Vocabulum
652 5113 684 5161 de
704 5112 860 5163 lectisternio
881 5122 905 5161 et
924 5114 1076 5162 sellisternia
1096 5115 1219 5164 sollemne
1239 5122 1284 5163 est.
1324 5115 1411 5164 Lis-ins
1432 5116 1474 5175 22,
1492 5114 1576 5173 lun:
1600 5112 1672 5163 lecti-

343 5206 457 5255 atei-minu
477 5222 526 5271 per·
545 5206 652 5255 tru'duum
671 5205 779 5255 lechitum
799 5206 943 5256 ‹lcieruci'rr's
961 5223 1088 5255 scarorum
1108 5205 1260 5255 ernnnribin.
