<?xml version="1.0" encoding="UTF-8"?>
<!DOCTYPE html PUBLIC "-//W3C//DTD XHTML 1.0 Transitional//EN"
    "http://www.w3.org/TR/xhtml1/DTD/xhtml1-transitional.dtd">
<html xmlns="http://www.w3.org/1999/xhtml" xml:lang="en" lang="en">
 <head>
  <title>
</title>
<meta http-equiv="Content-Type" content="text/html;charset=utf-8" />
  <meta name='ocr-system' content='tesseract 3.04.00' />
  <meta name='ocr-capabilities' content='ocr_page ocr_carea ocr_par ocr_line ocrx_word'/>
</head>
<body>
  <div class='ocr_page' id='page_1' title='image "./ephemerisepigra00instgoog_0270.png"; bbox 0 0 3472 5828; ppageno 0'>
   <div class='ocr_carea' id='block_1_1' title="bbox 630 504 1532 576">
    <p class='ocr_par' dir='ltr' id='par_1_1' title="bbox 630 504 1532 576">
     <span class='ocr_line' id='line_1_1' title="bbox 630 504 1532 576; baseline -0.001 -1"><span class='ocrx_word' id='word_1_1' title='bbox 630 525 808 576; x_wconf 81' lang='lat' dir='ltr'><strong>nvnoavn</strong></span> <span class='ocrx_word' id='word_1_2' title='bbox 835 524 1109 576; x_wconf 73' lang='lat' dir='ltr'><strong>sanovnunwn.</strong></span> <span class='ocrx_word' id='word_1_3' title='bbox 1461 504 1532 575; x_wconf 78' lang='lat'><strong>261</strong></span> 
     </span>
    </p>
   </div>
   <div class='ocr_carea' id='block_1_2' title="bbox 351 695 1536 2210">
    <p class='ocr_par' dir='ltr' id='par_1_2' title="bbox 358 695 1536 2106">
     <span class='ocr_line' id='line_1_2' title="bbox 358 695 1536 776; baseline 0.003 -22"><span class='ocrx_word' id='word_1_4' title='bbox 358 695 506 773; x_wconf 72' lang='lat' dir='ltr'><strong>[Hostias]</strong></span> <span class='ocrx_word' id='word_1_5' title='bbox 524 699 694 774; x_wconf 62' lang='lat' dir='ltr'><strong>prodiciam</strong></span> <span class='ocrx_word' id='word_1_6' title='bbox 715 699 847 776; x_wconf 84' lang='lat' dir='ltr'><strong>explicat</strong></span> <span class='ocrx_word' id='word_1_7' title='bbox 861 698 972 758; x_wconf 75' lang='lat' dir='ltr'><strong>Festus</strong></span> <span class='ocrx_word' id='word_1_8' title='bbox 994 718 1022 776; x_wconf 90' lang='lat' dir='ltr'><strong>p.</strong></span> <span class='ocrx_word' id='word_1_9' title='bbox 1040 697 1114 757; x_wconf 78' lang='lat'><strong>250:</strong></span> <span class='ocrx_word' id='word_1_10' title='bbox 1135 700 1297 775; x_wconf 81' lang='lat' dir='ltr'><strong>prodipuaa</strong></span> <span class='ocrx_word' id='word_1_11' title='bbox 1313 700 1420 757; x_wconf 76' lang='lat' dir='ltr'><strong>icariae</strong></span> <span class='ocrx_word' id='word_1_12' title='bbox 1434 718 1536 758; x_wconf 78' lang='lat' dir='ltr'><strong>aaran·</strong></span> 
     </span>
     <span class='ocr_line' id='line_1_3' title="bbox 410 801 1536 878; baseline 0.004 -22"><span class='ocrx_word' id='word_1_13' title='bbox 410 809 466 870; x_wconf 87' lang='lat' dir='ltr'><strong>tur,</strong></span> <span class='ocrx_word' id='word_1_14' title='bbox 488 811 520 858; x_wconf 85' lang='lat' dir='ltr'><strong>ut</strong></span> <span class='ocrx_word' id='word_1_15' title='bbox 539 804 583 857; x_wconf 84' lang='lat' dir='ltr'><strong>ait</strong></span> <span class='ocrx_word' id='word_1_16' title='bbox 602 801 750 872; x_wconf 72' lang='lat' dir='ltr'><strong>Veranius,</strong></span> <span class='ocrx_word' id='word_1_17' title='bbox 772 821 846 878; x_wconf 80' lang='lat' dir='ltr'><strong>qaae</strong></span> <span class='ocrx_word' id='word_1_18' title='bbox 861 811 1076 862; x_wconf 70' lang='lat' dir='ltr'><strong>consumuntur.-</strong></span> <span class='ocrx_word' id='word_1_19' title='bbox 1099 801 1173 860; x_wconf 79' lang='lat' dir='ltr'><strong>uada</strong></span> <span class='ocrx_word' id='word_1_20' title='bbox 1186 802 1308 860; x_wconf 77' lang='lat' dir='ltr'><strong>inminet</strong></span> <span class='ocrx_word' id='word_1_21' title='bbox 1324 820 1433 877; x_wconf 79' lang='lat' dir='ltr'><strong>qaoque</strong></span> <span class='ocrx_word' id='word_1_22' title='bbox 1456 802 1536 860; x_wconf 80' lang='lat' dir='ltr'><strong>laru-</strong></span> 
     </span>
     <span class='ocr_line' id='line_1_4' title="bbox 409 903 1535 980; baseline 0.003 -21"><span class='ocrx_word' id='word_1_23' title='bbox 409 905 480 960; x_wconf 83' lang='lat' dir='ltr'><strong>rioai</strong></span> <span class='ocrx_word' id='word_1_24' title='bbox 501 906 628 980; x_wconf 78' lang='lat' dir='ltr'><strong>prodipi.</strong></span> <span class='ocrx_word' id='word_1_25' title='bbox 666 904 714 961; x_wconf 88' lang='lat' dir='ltr'><strong>Ad</strong></span> <span class='ocrx_word' id='word_1_26' title='bbox 737 905 950 964; x_wconf 80' lang='lat' dir='ltr'><strong>vocabulorum</strong></span> <span class='ocrx_word' id='word_1_27' title='bbox 972 904 1086 962; x_wconf 81' lang='lat' dir='ltr'><strong>formas</strong></span> <span class='ocrx_word' id='word_1_28' title='bbox 1104 904 1247 980; x_wconf 74' lang='lat' dir='ltr'><strong>prodipaa</strong></span> <span class='ocrx_word' id='word_1_29' title='bbox 1263 903 1434 980; x_wconf 72' lang='lat' dir='ltr'><strong>prodipioaa</strong></span> <span class='ocrx_word' id='word_1_30' title='bbox 1457 921 1535 962; x_wconf 88' lang='lat' dir='ltr'><strong>com·</strong></span> 
     </span>
     <span class='ocr_line' id='line_1_5' title="bbox 408 1006 1534 1084; baseline 0.002 -23"><span class='ocrx_word' id='word_1_31' title='bbox 408 1006 507 1081; x_wconf 85' lang='lat' dir='ltr'><strong>parari</strong></span> <span class='ocrx_word' id='word_1_32' title='bbox 529 1017 670 1084; x_wconf 87' lang='lat' dir='ltr'><strong>poterunt</strong></span> <span class='ocrx_word' id='word_1_33' title='bbox 690 1008 785 1081; x_wconf 77' lang='lat' dir='ltr'><strong>sartan</strong></span> <span class='ocrx_word' id='word_1_34' title='bbox 804 1009 937 1082; x_wconf 67' lang='lat' dir='ltr'><strong>fautiano,</strong></span> <span class='ocrx_word' id='word_1_35' title='bbox 959 1016 1050 1065; x_wconf 73' lang='lat' dir='ltr'><strong>statua</strong></span> <span class='ocrx_word' id='word_1_36' title='bbox 1073 1010 1203 1076; x_wconf 72' lang='lat' dir='ltr'><strong>staticus,</strong></span> <span class='ocrx_word' id='word_1_37' title='bbox 1225 1015 1373 1082; x_wconf 70' lang='lat' dir='ltr'><strong>rumpatur</strong></span> <span class='ocrx_word' id='word_1_38' title='bbox 1396 1010 1534 1082; x_wconf 79' lang='lat' dir='ltr'><strong>tempeati-</strong></span> 
     </span>
     <span class='ocr_line' id='line_1_6' title="bbox 407 1108 1536 1185; baseline 0 -19"><span class='ocrx_word' id='word_1_39' title='bbox 407 1128 468 1179; x_wconf 83' lang='lat' dir='ltr'><strong>oua,</strong></span> <span class='ocrx_word' id='word_1_40' title='bbox 490 1118 570 1167; x_wconf 86' lang='lat' dir='ltr'><strong>aotuc</strong></span> <span class='ocrx_word' id='word_1_41' title='bbox 591 1113 709 1179; x_wconf 81' lang='lat' dir='ltr'><strong>actious,</strong></span> <span class='ocrx_word' id='word_1_42' title='bbox 732 1109 801 1167; x_wconf 84' lang='lat' dir='ltr'><strong>item</strong></span> <span class='ocrx_word' id='word_1_43' title='bbox 825 1111 863 1167; x_wconf 88' lang='lat' dir='ltr'><strong>ad</strong></span> <span class='ocrx_word' id='word_1_44' title='bbox 884 1110 996 1168; x_wconf 82' lang='lat' dir='ltr'><strong>formas</strong></span> <span class='ocrx_word' id='word_1_45' title='bbox 1014 1111 1185 1185; x_wconf 74' lang='lat' dir='ltr'><strong>prodipioaa</strong></span> <span class='ocrx_word' id='word_1_46' title='bbox 1201 1118 1229 1166; x_wconf 87' lang='lat' dir='ltr'><strong>et</strong></span> <span class='ocrx_word' id='word_1_47' title='bbox 1247 1109 1409 1184; x_wconf 79' lang='lat' dir='ltr'><strong>prodipaaa</strong></span> <span class='ocrx_word' id='word_1_48' title='bbox 1425 1108 1536 1166; x_wconf 78' lang='lat' dir='ltr'><strong>similia</strong></span> 
     </span>
     <span class='ocr_line' id='line_1_7' title="bbox 407 1209 1534 1289; baseline 0.001 -20"><span class='ocrx_word' id='word_1_49' title='bbox 407 1216 521 1270; x_wconf 82' lang='lat' dir='ltr'><strong>nocioaa</strong></span> <span class='ocrx_word' id='word_1_50' title='bbox 547 1230 668 1281; x_wconf 83' lang='lat' dir='ltr'><strong>aocaaa,</strong></span> <span class='ocrx_word' id='word_1_51' title='bbox 696 1215 812 1270; x_wconf 74' lang='lat' dir='ltr'><strong>variarat</strong></span> <span class='ocrx_word' id='word_1_52' title='bbox 840 1230 957 1270; x_wconf 85' lang='lat' dir='ltr'><strong>aaaaaa.</strong></span> <span class='ocrx_word' id='word_1_53' title='bbox 994 1211 1129 1289; x_wconf 85' lang='lat' dir='ltr'><strong>Intellegi</strong></span> <span class='ocrx_word' id='word_1_54' title='bbox 1153 1209 1290 1268; x_wconf 82' lang='lat' dir='ltr'><strong>victimas</strong></span> <span class='ocrx_word' id='word_1_55' title='bbox 1312 1228 1419 1269; x_wconf 78' lang='lat' dir='ltr'><strong>norem</strong></span> <span class='ocrx_word' id='word_1_56' title='bbox 1442 1229 1534 1287; x_wconf 83' lang='lat' dir='ltr'><strong>agnas</strong></span> 
     </span>
     <span class='ocr_line' id='line_1_8' title="bbox 407 1313 1533 1392; baseline 0.002 -22"><span class='ocrx_word' id='word_1_57' title='bbox 407 1322 436 1370; x_wconf 85' lang='lat' dir='ltr'><strong>ct</strong></span> <span class='ocrx_word' id='word_1_58' title='bbox 463 1314 585 1372; x_wconf 72' lang='lat' dir='ltr'><strong>aridem</strong></span> <span class='ocrx_word' id='word_1_59' title='bbox 612 1332 717 1392; x_wconf 78' lang='lat' dir='ltr'><strong>capras</strong></span> <span class='ocrx_word' id='word_1_60' title='bbox 744 1314 892 1391; x_wconf 83' lang='lat' dir='ltr'><strong>colligitur</strong></span> <span class='ocrx_word' id='word_1_61' title='bbox 914 1332 953 1372; x_wconf 82' lang='lat' dir='ltr'><strong>cx</strong></span> <span class='ocrx_word' id='word_1_62' title='bbox 979 1313 1017 1372; x_wconf 82' lang='lat' dir='ltr'><strong>iia</strong></span> <span class='ocrx_word' id='word_1_63' title='bbox 1044 1331 1120 1389; x_wconf 87' lang='lat' dir='ltr'><strong>quac</strong></span> <span class='ocrx_word' id='word_1_64' title='bbox 1148 1320 1311 1388; x_wconf 82' lang='lat' dir='ltr'><strong>sequuntur</strong></span> <span class='ocrx_word' id='word_1_65' title='bbox 1334 1314 1365 1371; x_wconf 90' lang='lat' dir='ltr'><strong>in</strong></span> <span class='ocrx_word' id='word_1_66' title='bbox 1387 1313 1477 1372; x_wconf 79' lang='lat' dir='ltr'><strong>actis:</strong></span> <span class='ocrx_word' id='word_1_67' title='bbox 1504 1314 1533 1372; x_wconf 91' lang='lat' dir='ltr'><strong>in</strong></span> 
     </span>
     <span class='ocr_line' id='line_1_9' title="bbox 406 1402 1533 1497; baseline 0 -24"><span class='ocrx_word' id='word_1_68' title='bbox 406 1416 536 1475; x_wconf 78' lang='lat' dir='ltr'><strong>carmine</strong></span> <span class='ocrx_word' id='word_1_69' title='bbox 558 1417 676 1475; x_wconf 87' lang='lat' dir='ltr'><strong>iubetur</strong></span> <span class='ocrx_word' id='word_1_70' title='bbox 690 1417 797 1475; x_wconf 83' lang='lat' dir='ltr'><strong>civitas</strong></span> <span class='ocrx_word' id='word_1_71' title='bbox 819 1416 973 1475; x_wconf 85' lang='lat' dir='ltr'><strong>immolare</strong></span> <span class='ocrx_word' id='word_1_72' title='bbox 994 1402 1084 1497; x_wconf 72' lang='lat' dir='ltr'><strong>ripuar</strong></span> <span class='ocrx_word' id='word_1_73' title='bbox 1104 1437 1135 1470; x_wconf 79' lang='grc' dir='ltr'><strong>τε</strong></span> <span class='ocrx_word' id='word_1_74' title='bbox 1154 1405 1203 1472; x_wconf 69' lang='grc' dir='ltr'><strong>καὶ</strong></span> <span class='ocrx_word' id='word_1_75' title='bbox 1218 1403 1307 1490; x_wconf 69' lang='grc' dir='ltr'>αἶγας</span> <span class='ocrx_word' id='word_1_76' title='bbox 1321 1406 1452 1482; x_wconf 75' lang='grc' dir='ltr'><strong><em>κυανέας,</em></strong></span> <span class='ocrx_word' id='word_1_77' title='bbox 1474 1416 1533 1474; x_wconf 86' lang='lat' dir='ltr'><strong>iur-</strong></span> 
     </span>
     <span class='ocr_line' id='line_1_10' title="bbox 408 1516 1532 1595; baseline 0.004 -23"><span class='ocrx_word' id='word_1_78' title='bbox 408 1536 460 1576; x_wconf 82' lang='lat' dir='ltr'><strong>vas</strong></span> <span class='ocrx_word' id='word_1_79' title='bbox 483 1518 608 1590; x_wconf 82' lang='lat' dir='ltr'><strong>scilicet,</strong></span> <span class='ocrx_word' id='word_1_80' title='bbox 630 1537 751 1578; x_wconf 90' lang='lat' dir='ltr'><strong>numero</strong></span> <span class='ocrx_word' id='word_1_81' title='bbox 774 1537 832 1577; x_wconf 93' lang='lat' dir='ltr'><strong>non</strong></span> <span class='ocrx_word' id='word_1_82' title='bbox 856 1518 1019 1591; x_wconf 88' lang='lat' dir='ltr'><strong>enuntiato,</strong></span> <span class='ocrx_word' id='word_1_83' title='bbox 1042 1537 1129 1595; x_wconf 83' lang='lat' dir='ltr'><strong>quem</strong></span> <span class='ocrx_word' id='word_1_84' title='bbox 1143 1516 1259 1577; x_wconf 87' lang='lat' dir='ltr'><strong>XVviri</strong></span> <span class='ocrx_word' id='word_1_85' title='bbox 1282 1517 1420 1576; x_wconf 83' lang='lat' dir='ltr'><strong>videntur</strong></span> <span class='ocrx_word' id='word_1_86' title='bbox 1438 1517 1532 1576; x_wconf 83' lang='lat' dir='ltr'><strong>deter-</strong></span> 
     </span>
     <span class='ocr_line' id='line_1_11' title="bbox 405 1610 1533 1702; baseline -0.002 -24"><span class='ocrx_word' id='word_1_87' title='bbox 405 1621 574 1680; x_wconf 79' lang='lat' dir='ltr'><strong>minaviase.</strong></span> <span class='ocrx_word' id='word_1_88' title='bbox 609 1618 698 1694; x_wconf 78' lang='lat' dir='ltr'><strong>Quod</strong></span> <span class='ocrx_word' id='word_1_89' title='bbox 720 1622 821 1681; x_wconf 84' lang='lat' dir='ltr'><strong>scribit</strong></span> <span class='ocrx_word' id='word_1_90' title='bbox 843 1621 997 1680; x_wconf 80' lang='lat' dir='ltr'><strong>Zosimus:</strong></span> <span class='ocrx_word' id='word_1_91' title='bbox 1026 1616 1039 1676; x_wconf 78' lang='lat' dir='ltr'><strong>ti</strong></span> <span class='ocrx_word' id='word_1_92' title='bbox 1061 1610 1246 1702; x_wconf 65' lang='grc' dir='ltr'><em>αὐτοκράτωρ</em></span> <span class='ocrx_word' id='word_1_93' title='bbox 1340 1621 1420 1702; x_wconf 66' lang='grc' dir='ltr'><em>τριῶν</em></span> <span class='ocrx_word' id='word_1_94' title='bbox 1442 1643 1533 1702; x_wconf 64' lang='lat' dir='ltr'><strong>napa·</strong></span> 
     </span>
     <span class='ocr_line' id='line_1_12' title="bbox 405 1707 1531 1807; baseline 0.001 -29"><span class='ocrx_word' id='word_1_95' title='bbox 405 1714 627 1780; x_wconf 64' lang='grc' dir='ltr'><strong>σκευασθέντων</strong></span> <span class='ocrx_word' id='word_1_96' title='bbox 642 1716 752 1791; x_wconf 70' lang='grc' dir='ltr'>βωμῶν</span> <span class='ocrx_word' id='word_1_97' title='bbox 765 1725 836 1806; x_wconf 66' lang='grc' dir='ltr'><em>τρεῖς</em></span> <span class='ocrx_word' id='word_1_98' title='bbox 858 1707 945 1807; x_wconf 68' lang='lat' dir='ltr'><strong>ripaue</strong></span> <span class='ocrx_word' id='word_1_99' title='bbox 961 1713 1030 1780; x_wconf 63' lang='grc' dir='ltr'><strong>δυἐι</strong></span> <span class='ocrx_word' id='word_1_100' title='bbox 1126 1712 1174 1779; x_wconf 80' lang='lat' dir='ltr'><strong>nai</strong></span> <span class='ocrx_word' id='word_1_101' title='bbox 1196 1717 1262 1783; x_wconf 75' lang='lat' dir='ltr'><strong>ratic</strong></span> <span class='ocrx_word' id='word_1_102' title='bbox 1282 1713 1403 1790; x_wconf 63' lang='lat' dir='ltr'><strong>[imantia</strong></span> <span class='ocrx_word' id='word_1_103' title='bbox 1423 1718 1531 1780; x_wconf 65' lang='grc' dir='ltr'><strong>καθαι-</strong></span> 
     </span>
     <span class='ocr_line' id='line_1_13' title="bbox 403 1816 1531 1903; baseline 0.002 -22"><span class='ocrx_word' id='word_1_104' title='bbox 403 1818 503 1903; x_wconf 64' lang='grc' dir='ltr'><strong>μάξαι</strong></span> <span class='ocrx_word' id='word_1_105' title='bbox 529 1821 678 1883; x_wconf 73' lang='grc' dir='ltr'><strong>ὁλοκαυτεῖ</strong></span> <span class='ocrx_word' id='word_1_106' title='bbox 702 1820 739 1882; x_wconf 73' lang='lat' dir='ltr'><strong>rei</strong></span> <span class='ocrx_word' id='word_1_107' title='bbox 766 1816 904 1892; x_wconf 64' lang='lat' dir='ltr'><strong>Siarum,</strong></span> <span class='ocrx_word' id='word_1_108' title='bbox 932 1826 1137 1902; x_wconf 82' lang='lat' dir='ltr'><strong>imperfectum</strong></span> <span class='ocrx_word' id='word_1_109' title='bbox 1165 1837 1212 1884; x_wconf 88' lang='lat' dir='ltr'><strong>est</strong></span> <span class='ocrx_word' id='word_1_110' title='bbox 1238 1826 1327 1902; x_wconf 88' lang='lat' dir='ltr'><strong>culpa</strong></span> <span class='ocrx_word' id='word_1_111' title='bbox 1356 1827 1531 1902; x_wconf 85' lang='lat' dir='ltr'><strong>epitomato-</strong></span> 
     </span>
     <span class='ocr_line' id='line_1_14' title="bbox 403 1925 1530 2006; baseline 0.001 -21"><span class='ocrx_word' id='word_1_112' title='bbox 403 1928 495 2002; x_wconf 86' lang='lat' dir='ltr'><strong>ris¹).</strong></span> <span class='ocrx_word' id='word_1_113' title='bbox 536 1925 720 1987; x_wconf 82' lang='lat' dir='ltr'><strong>Sacrificium</strong></span> <span class='ocrx_word' id='word_1_114' title='bbox 744 1948 837 2006; x_wconf 78' lang='lat' dir='ltr'><strong>agnae</strong></span> <span class='ocrx_word' id='word_1_115' title='bbox 859 1938 889 1987; x_wconf 87' lang='lat' dir='ltr'><strong>et</strong></span> <span class='ocrx_word' id='word_1_116' title='bbox 910 1948 1020 2006; x_wconf 87' lang='lat' dir='ltr'><strong>caprae</strong></span> <span class='ocrx_word' id='word_1_117' title='bbox 1042 1929 1151 1988; x_wconf 85' lang='lat' dir='ltr'><strong>lactum</strong></span> <span class='ocrx_word' id='word_1_118' title='bbox 1174 1948 1192 1984; x_wconf 85' lang='lat' dir='ltr'><strong>a</strong></span> <span class='ocrx_word' id='word_1_119' title='bbox 1214 1927 1390 1987; x_wconf 89' lang='lat' dir='ltr'><strong>Domitiano</strong></span> <span class='ocrx_word' id='word_1_120' title='bbox 1413 1947 1530 2005; x_wconf 83' lang='lat' dir='ltr'><strong>reprac-</strong></span> 
     </span>
     <span class='ocr_line' id='line_1_15' title="bbox 403 2029 1044 2106; baseline 0.005 -18"><span class='ocrx_word' id='word_1_121' title='bbox 403 2041 549 2089; x_wconf 80' lang='lat' dir='ltr'><strong>sentatum</strong></span> <span class='ocrx_word' id='word_1_122' title='bbox 571 2032 715 2090; x_wconf 86' lang='lat' dir='ltr'><strong>habemus</strong></span> <span class='ocrx_word' id='word_1_123' title='bbox 737 2032 767 2090; x_wconf 88' lang='lat' dir='ltr'><strong>in</strong></span> <span class='ocrx_word' id='word_1_124' title='bbox 790 2051 909 2090; x_wconf 89' lang='lat' dir='ltr'><strong>nummo</strong></span> <span class='ocrx_word' id='word_1_125' title='bbox 932 2029 1044 2106; x_wconf 60' lang='lat' dir='ltr'><strong>eiust).</strong></span> 
     </span>
    </p>

    <p class='ocr_par' dir='ltr' id='par_1_3' title="bbox 351 2132 748 2210">
     <span class='ocr_line' id='line_1_16' title="bbox 351 2132 748 2210; baseline 0.003 -20"><span class='ocrx_word' id='word_1_126' title='bbox 351 2132 461 2192; x_wconf 78' lang='lat' dir='ltr'><strong>Aciiao</strong></span> <span class='ocrx_word' id='word_1_127' title='bbox 485 2137 553 2192; x_wconf 84' lang='lat' dir='ltr'><strong>rita:</strong></span> <span class='ocrx_word' id='word_1_128' title='bbox 582 2154 608 2191; x_wconf 86' lang='lat' dir='ltr'><strong>v.</strong></span> <span class='ocrx_word' id='word_1_129' title='bbox 631 2153 660 2210; x_wconf 89' lang='lat' dir='ltr'><strong>p.</strong></span> <span class='ocrx_word' id='word_1_130' title='bbox 679 2132 748 2192; x_wconf 78' lang='lat' dir='ltr'><strong>tot.</strong></span> 
     </span>
    </p>
   </div>
   <div class='ocr_carea' id='block_1_3' title="bbox 199 2287 799 2388">
    <p class='ocr_par' dir='ltr' id='par_1_4' title="bbox 199 2287 799 2388">
     <span class='ocr_line' id='line_1_17' title="bbox 199 2287 799 2388; baseline 0.002 -27"><span class='ocrx_word' id='word_1_131' title='bbox 199 2287 257 2361; x_wconf 82' lang='lat' dir='ltr'><strong>die</strong></span> <span class='ocrx_word' id='word_1_132' title='bbox 283 2287 404 2388; x_wconf 89' lang='lat' dir='ltr'><strong>primo</strong></span> <span class='ocrx_word' id='word_1_133' title='bbox 431 2288 511 2362; x_wconf 90' lang='lat' dir='ltr'><strong>lovi</strong></span> <span class='ocrx_word' id='word_1_134' title='bbox 538 2315 572 2360; x_wconf 91' lang='lat' dir='ltr'><strong>v.</strong></span> <span class='ocrx_word' id='word_1_135' title='bbox 596 2291 679 2362; x_wconf 84' lang='lat'><strong>103.</strong></span> <span class='ocrx_word' id='word_1_136' title='bbox 712 2293 799 2362; x_wconf 85' lang='lat'>104:</span> 
     </span>
    </p>
   </div>
   <div class='ocr_carea' id='block_1_4' title="bbox 325 2425 1530 2866">
    <p class='ocr_par' dir='ltr' id='par_1_5' title="bbox 325 2425 1530 2866">
     <span class='ocr_line' id='line_1_18' title="bbox 325 2425 1529 2528; baseline 0 -28"><span class='ocrx_word' id='word_1_137' title='bbox 325 2426 357 2500; x_wconf 80' lang='lat' dir='ltr'><strong>lt.</strong></span> <span class='ocrx_word' id='word_1_138' title='bbox 386 2428 467 2501; x_wconf 83' lang='grc' dir='ltr'><strong>Ιιιιι.</strong></span> <span class='ocrx_word' id='word_1_139' title='bbox 496 2427 535 2501; x_wconf 82' lang='lat' dir='ltr'><strong>iu</strong></span> <span class='ocrx_word' id='word_1_140' title='bbox 562 2426 735 2528; x_wconf 76' lang='lat' dir='ltr'><strong>Capitolia</strong></span> <span class='ocrx_word' id='word_1_141' title='bbox 763 2428 879 2502; x_wconf 82' lang='lat' dir='ltr'><strong>lacera</strong></span> <span class='ocrx_word' id='word_1_142' title='bbox 912 2429 1076 2527; x_wconf 85' lang='lat' dir='ltr'><strong>m[a]ram</strong></span> <span class='ocrx_word' id='word_1_143' title='bbox 1102 2425 1181 2500; x_wconf 78' lang='lat' dir='ltr'><strong>Iovi</strong></span> <span class='ocrx_word' id='word_1_144' title='bbox 1210 2425 1340 2527; x_wconf 80' lang='lat' dir='ltr'><strong>optimo</strong></span> <span class='ocrx_word' id='word_1_145' title='bbox 1372 2426 1529 2501; x_wconf 81' lang='lat' dir='ltr'><strong>raaat&#39;nto</strong></span> 
     </span>
     <span class='ocr_line' id='line_1_19' title="bbox 496 2545 1528 2650; baseline 0 -28"><span class='ocrx_word' id='word_1_146' title='bbox 496 2549 688 2650; x_wconf 68' lang='lat' dir='ltr'><strong>propriata</strong></span> <span class='ocrx_word' id='word_1_147' title='bbox 723 2547 908 2623; x_wconf 73' lang='lat' dir='ltr'><strong>inmolavit</strong></span> <span class='ocrx_word' id='word_1_148' title='bbox 941 2549 1026 2648; x_wconf 82' lang='lat' dir='ltr'><strong>imp.</strong></span> <span class='ocrx_word' id='word_1_149' title='bbox 1064 2545 1197 2623; x_wconf 76' lang='lat' dir='ltr'><strong>Caesar·</strong></span> <span class='ocrx_word' id='word_1_150' title='bbox 1229 2547 1428 2648; x_wconf 74' lang='lat' dir='ltr'><strong>Arrpuctac,</strong></span> <span class='ocrx_word' id='word_1_151' title='bbox 1462 2548 1528 2622; x_wconf 73' lang='lat' dir='ltr'><strong>itt-</strong></span> 
     </span>
     <span class='ocr_line' id='line_1_20' title="bbox 506 2669 1530 2771; baseline 0 -27"><span class='ocrx_word' id='word_1_152' title='bbox 506 2672 585 2745; x_wconf 83' lang='lat' dir='ltr'><strong>dan</strong></span> <span class='ocrx_word' id='word_1_153' title='bbox 614 2670 617 2771; x_wconf 81' lang='lat' dir='ltr'><strong>l</strong></span> <span class='ocrx_word' id='word_1_154' title='bbox 646 2672 797 2745; x_wconf 83' lang='lat' dir='ltr'><strong>altarum</strong></span> <span class='ocrx_word' id='word_1_155' title='bbox 823 2669 878 2747; x_wconf 84' lang='lat' dir='ltr'><strong>M.</strong></span> <span class='ocrx_word' id='word_1_156' title='bbox 900 2669 1080 2770; x_wconf 74' lang='lat' dir='ltr'><strong>Aprippa:</strong></span> <span class='ocrx_word' id='word_1_157' title='bbox 1102 2669 1278 2770; x_wconf 82' lang='lat' dir='ltr'><strong>p[re]cati</strong></span> <span class='ocrx_word' id='word_1_158' title='bbox 1302 2683 1420 2745; x_wconf 83' lang='lat' dir='ltr'><strong>autam</strong></span> <span class='ocrx_word' id='word_1_159' title='bbox 1446 2684 1530 2744; x_wconf 79' lang='lat' dir='ltr'><strong>artat</strong></span> 
     </span>
     <span class='ocr_line' id='line_1_21' title="bbox 501 2791 562 2866; baseline -0.033 0"><span class='ocrx_word' id='word_1_160' title='bbox 501 2791 562 2866; x_wconf 82' lang='lat' dir='ltr'><strong>a&#39;ta.</strong></span> 
     </span>
    </p>
   </div>
   <div class='ocr_carea' id='block_1_5' title="bbox 348 2925 1526 4858">
    <p class='ocr_par' dir='ltr' id='par_1_6' title="bbox 348 2925 1526 4858">
     <span class='ocr_line' id='line_1_22' title="bbox 348 2925 1525 3014; baseline 0 -20"><span class='ocrx_word' id='word_1_161' title='bbox 348 2934 464 3010; x_wconf 85' lang='lat' dir='ltr'><strong>Sibylla</strong></span> <span class='ocrx_word' id='word_1_162' title='bbox 487 2936 606 2994; x_wconf 85' lang='lat' dir='ltr'><strong>iubente</strong></span> <span class='ocrx_word' id='word_1_163' title='bbox 628 2934 665 2992; x_wconf 91' lang='lat' dir='ltr'><strong>ad</strong></span> <span class='ocrx_word' id='word_1_164' title='bbox 688 2954 772 2995; x_wconf 90' lang='lat' dir='ltr'><strong>aram</strong></span> <span class='ocrx_word' id='word_1_165' title='bbox 790 2935 873 2994; x_wconf 81' lang='lat' dir='ltr'><strong>Iovis</strong></span> <span class='ocrx_word' id='word_1_166' title='bbox 895 2934 1087 2994; x_wconf 89' lang='lat' dir='ltr'><strong>immolantur</strong></span> <span class='ocrx_word' id='word_1_167' title='bbox 1109 2925 1261 2992; x_wconf 69' lang='lat' dir='ltr'><strong>criciacum</strong></span> <span class='ocrx_word' id='word_1_168' title='bbox 1283 2935 1379 3014; x_wconf 69' lang='grc' dir='ltr'><strong>ταῦροι</strong></span> <span class='ocrx_word' id='word_1_169' title='bbox 1402 2953 1525 2994; x_wconf 83' lang='lat' dir='ltr'><strong>numero</strong></span> 
     </span>
     <span class='ocr_line' id='line_1_23' title="bbox 398 3036 1526 3116; baseline 0.002 -21"><span class='ocrx_word' id='word_1_170' title='bbox 398 3056 458 3095; x_wconf 91' lang='lat' dir='ltr'><strong>non</strong></span> <span class='ocrx_word' id='word_1_171' title='bbox 482 3038 577 3116; x_wconf 82' lang='lat' dir='ltr'><strong>magia</strong></span> <span class='ocrx_word' id='word_1_172' title='bbox 593 3037 723 3095; x_wconf 81' lang='lat' dir='ltr'><strong>delinito.</strong></span> <span class='ocrx_word' id='word_1_173' title='bbox 758 3036 847 3109; x_wconf 80' lang='lat' dir='ltr'><strong>Quod</strong></span> <span class='ocrx_word' id='word_1_174' title='bbox 870 3037 947 3115; x_wconf 89' lang='lat' dir='ltr'><strong>apud</strong></span> <span class='ocrx_word' id='word_1_175' title='bbox 971 3047 1088 3115; x_wconf 86' lang='lat' dir='ltr'><strong>poetam</strong></span> <span class='ocrx_word' id='word_1_176' title='bbox 1112 3039 1142 3096; x_wconf 90' lang='lat' dir='ltr'><strong>in</strong></span> <span class='ocrx_word' id='word_1_177' title='bbox 1158 3038 1287 3097; x_wconf 84' lang='lat' dir='ltr'><strong>carmine</strong></span> <span class='ocrx_word' id='word_1_178' title='bbox 1309 3037 1399 3096; x_wconf 88' lang='lat' dir='ltr'><strong>biduo</strong></span> <span class='ocrx_word' id='word_1_179' title='bbox 1420 3046 1526 3114; x_wconf 82' lang='lat' dir='ltr'><strong>postea</strong></span> 
     </span>
     <span class='ocr_line' id='line_1_24' title="bbox 398 3139 1525 3216; baseline 0 -18"><span class='ocrx_word' id='word_1_180' title='bbox 398 3149 516 3198; x_wconf 88' lang='lat' dir='ltr'><strong>cantato</strong></span> <span class='ocrx_word' id='word_1_181' title='bbox 540 3160 566 3197; x_wconf 89' lang='lat' dir='ltr'><strong>v.</strong></span> <span class='ocrx_word' id='word_1_182' title='bbox 584 3139 622 3196; x_wconf 85' lang='lat'><strong>43</strong></span> <span class='ocrx_word' id='word_1_183' title='bbox 639 3143 795 3216; x_wconf 83' lang='lat' dir='ltr'><strong>Augustus</strong></span> <span class='ocrx_word' id='word_1_184' title='bbox 817 3139 925 3198; x_wconf 86' lang='lat' dir='ltr'><strong>dicitur</strong></span> <span class='ocrx_word' id='word_1_185' title='bbox 946 3139 1019 3198; x_wconf 82' lang='lat' dir='ltr'><strong>deos</strong></span> <span class='ocrx_word' id='word_1_186' title='bbox 1035 3141 1168 3199; x_wconf 86' lang='lat' dir='ltr'><strong>venerari</strong></span> <span class='ocrx_word' id='word_1_187' title='bbox 1190 3140 1276 3199; x_wconf 79' lang='lat' dir='ltr'><strong>bobas</strong></span> <span class='ocrx_word' id='word_1_188' title='bbox 1298 3140 1383 3212; x_wconf 80' lang='lat' dir='ltr'><strong>albia,</strong></span> <span class='ocrx_word' id='word_1_189' title='bbox 1406 3142 1466 3199; x_wconf 92' lang='lat' dir='ltr'><strong>iam</strong></span> <span class='ocrx_word' id='word_1_190' title='bbox 1483 3142 1525 3198; x_wconf 92' lang='lat' dir='ltr'><strong>vi·</strong></span> 
     </span>
     <span class='ocr_line' id='line_1_25' title="bbox 399 3239 1524 3320; baseline 0.003 -21"><span class='ocrx_word' id='word_1_191' title='bbox 399 3242 497 3301; x_wconf 81' lang='lat' dir='ltr'><strong>dimus</strong></span> <span class='ocrx_word' id='word_1_192' title='bbox 520 3241 627 3319; x_wconf 78' lang='lat' dir='ltr'><strong>(snpra</strong></span> <span class='ocrx_word' id='word_1_193' title='bbox 648 3260 677 3316; x_wconf 92' lang='lat' dir='ltr'><strong>p.</strong></span> <span class='ocrx_word' id='word_1_194' title='bbox 695 3239 768 3316; x_wconf 78' lang='lat'>256)</span> <span class='ocrx_word' id='word_1_195' title='bbox 791 3242 937 3317; x_wconf 85' lang='lat' dir='ltr'><strong>pertinere</strong></span> <span class='ocrx_word' id='word_1_196' title='bbox 965 3241 1002 3298; x_wconf 88' lang='lat' dir='ltr'><strong>ad</strong></span> <span class='ocrx_word' id='word_1_197' title='bbox 1025 3241 1128 3301; x_wconf 77' lang='lat' dir='ltr'><strong>Iovem</strong></span> <span class='ocrx_word' id='word_1_198' title='bbox 1150 3243 1368 3320; x_wconf 85' lang='lat' dir='ltr'><strong>Iunonemque,</strong></span> <span class='ocrx_word' id='word_1_199' title='bbox 1397 3262 1524 3320; x_wconf 89' lang='lat' dir='ltr'><strong>quorum</strong></span> 
     </span>
     <span class='ocr_line' id='line_1_26' title="bbox 399 3342 1523 3423; baseline 0.004 -23"><span class='ocrx_word' id='word_1_200' title='bbox 399 3345 522 3420; x_wconf 91' lang='lat' dir='ltr'><strong>propria</strong></span> <span class='ocrx_word' id='word_1_201' title='bbox 542 3344 690 3402; x_wconf 84' lang='lat' dir='ltr'><strong>invocatio</strong></span> <span class='ocrx_word' id='word_1_202' title='bbox 713 3342 792 3420; x_wconf 90' lang='lat' dir='ltr'><strong>apud</strong></span> <span class='ocrx_word' id='word_1_203' title='bbox 815 3344 972 3402; x_wconf 90' lang='lat' dir='ltr'><strong>Horatium</strong></span> <span class='ocrx_word' id='word_1_204' title='bbox 996 3343 1079 3402; x_wconf 90' lang='lat' dir='ltr'><strong>nulla</strong></span> <span class='ocrx_word' id='word_1_205' title='bbox 1104 3346 1146 3403; x_wconf 86' lang='lat' dir='ltr'><strong>fit.</strong></span> <span class='ocrx_word' id='word_1_206' title='bbox 1196 3346 1264 3404; x_wconf 89' lang='lat' dir='ltr'><strong>Hoc</strong></span> <span class='ocrx_word' id='word_1_207' title='bbox 1292 3364 1409 3423; x_wconf 87' lang='lat' dir='ltr'><strong>quoquc</strong></span> <span class='ocrx_word' id='word_1_208' title='bbox 1437 3346 1523 3405; x_wconf 90' lang='lat' dir='ltr'><strong>bovis</strong></span> 
     </span>
     <span class='ocr_line' id='line_1_27' title="bbox 398 3444 1523 3524; baseline 0.004 -20"><span class='ocrx_word' id='word_1_209' title='bbox 398 3447 574 3505; x_wconf 79' lang='lat' dir='ltr'><strong>sacrificium</strong></span> <span class='ocrx_word' id='word_1_210' title='bbox 602 3456 807 3523; x_wconf 82' lang='lat' dir='ltr'><strong>repraesentat</strong></span> <span class='ocrx_word' id='word_1_211' title='bbox 835 3463 971 3503; x_wconf 85' lang='lat' dir='ltr'><strong>nummus</strong></span> <span class='ocrx_word' id='word_1_212' title='bbox 997 3444 1209 3524; x_wconf 78' lang='lat' dir='ltr'><strong>Domitiani³).</strong></span> <span class='ocrx_word' id='word_1_213' title='bbox 1237 3482 1277 3491; x_wconf 96' lang='lat'><em>-</em></span> <span class='ocrx_word' id='word_1_214' title='bbox 1303 3449 1430 3524; x_wconf 77' lang='lat' dir='ltr'><strong>Propria</strong></span> <span class='ocrx_word' id='word_1_215' title='bbox 1457 3468 1523 3508; x_wconf 89' lang='lat' dir='ltr'><strong>cum</strong></span> 
     </span>
     <span class='ocr_line' id='line_1_28' title="bbox 398 3548 1523 3626; baseline 0.004 -20"><span class='ocrx_word' id='word_1_216' title='bbox 398 3551 517 3606; x_wconf 80' lang='lat' dir='ltr'><strong>victima</strong></span> <span class='ocrx_word' id='word_1_217' title='bbox 538 3549 646 3607; x_wconf 88' lang='lat' dir='ltr'><strong>dicitur</strong></span> <span class='ocrx_word' id='word_1_218' title='bbox 668 3557 697 3605; x_wconf 85' lang='lat' dir='ltr'><strong>ct</strong></span> <span class='ocrx_word' id='word_1_219' title='bbox 719 3549 766 3605; x_wconf 78' lang='lat' dir='ltr'><strong>liic</strong></span> <span class='ocrx_word' id='word_1_220' title='bbox 794 3560 823 3606; x_wconf 85' lang='lat' dir='ltr'><strong>ot</strong></span> <span class='ocrx_word' id='word_1_221' title='bbox 845 3567 871 3605; x_wconf 80' lang='lat' dir='ltr'><strong>v.</strong></span> <span class='ocrx_word' id='word_1_222' title='bbox 891 3548 959 3620; x_wconf 87' lang='lat'>136,</span> <span class='ocrx_word' id='word_1_223' title='bbox 986 3550 1162 3608; x_wconf 85' lang='lat' dir='ltr'><strong>vocabulum</strong></span> <span class='ocrx_word' id='word_1_224' title='bbox 1192 3551 1329 3609; x_wconf 84' lang='lat' dir='ltr'><strong>similiter</strong></span> <span class='ocrx_word' id='word_1_225' title='bbox 1350 3561 1523 3626; x_wconf 86' lang='lat' dir='ltr'><strong>usurpatum</strong></span> 
     </span>
     <span class='ocr_line' id='line_1_29' title="bbox 396 3650 1522 3730; baseline 0.003 -21"><span class='ocrx_word' id='word_1_226' title='bbox 396 3654 425 3709; x_wconf 91' lang='lat' dir='ltr'><strong>in</strong></span> <span class='ocrx_word' id='word_1_227' title='bbox 448 3672 480 3710; x_wconf 85' lang='lat' dir='ltr'><strong>re</strong></span> <span class='ocrx_word' id='word_1_228' title='bbox 503 3669 587 3709; x_wconf 84' lang='lat' dir='ltr'><strong>sacra</strong></span> <span class='ocrx_word' id='word_1_229' title='bbox 609 3650 755 3726; x_wconf 85' lang='lat' dir='ltr'><strong>reperitur</strong></span> <span class='ocrx_word' id='word_1_230' title='bbox 782 3651 862 3725; x_wconf 86' lang='lat' dir='ltr'><strong>apud</strong></span> <span class='ocrx_word' id='word_1_231' title='bbox 882 3650 1047 3728; x_wconf 82' lang='lat' dir='ltr'><strong>Vergilium</strong></span> <span class='ocrx_word' id='word_1_232' title='bbox 1074 3652 1130 3730; x_wconf 82' lang='lat' dir='ltr'><strong>egl.</strong></span> <span class='ocrx_word' id='word_1_233' title='bbox 1149 3652 1176 3723; x_wconf 84' lang='lat' dir='ltr'><strong>t,</strong></span> <span class='ocrx_word' id='word_1_234' title='bbox 1200 3652 1235 3709; x_wconf 85' lang='lat'><strong>31</strong></span> <span class='ocrx_word' id='word_1_235' title='bbox 1267 3665 1335 3728; x_wconf 84' lang='lat' dir='ltr'><strong>post</strong></span> <span class='ocrx_word' id='word_1_236' title='bbox 1362 3653 1522 3712; x_wconf 88' lang='lat' dir='ltr'><strong>dedicatio·</strong></span> 
     </span>
     <span class='ocr_line' id='line_1_30' title="bbox 396 3753 1521 3828; baseline 0.004 -18"><span class='ocrx_word' id='word_1_237' title='bbox 396 3773 461 3812; x_wconf 86' lang='lat' dir='ltr'><strong>nem</strong></span> <span class='ocrx_word' id='word_1_238' title='bbox 485 3755 606 3811; x_wconf 85' lang='lat' dir='ltr'><strong>iactam:</strong></span> <span class='ocrx_word' id='word_1_239' title='bbox 630 3756 656 3809; x_wconf 82' lang='lat' dir='ltr'><strong>ai</strong></span> <span class='ocrx_word' id='word_1_240' title='bbox 675 3755 828 3826; x_wconf 79' lang='lat' dir='ltr'><strong>proprium</strong></span> <span class='ocrx_word' id='word_1_241' title='bbox 846 3753 898 3812; x_wconf 81' lang='lat' dir='ltr'><strong>lroc</strong></span> <span class='ocrx_word' id='word_1_242' title='bbox 912 3755 1006 3828; x_wconf 78' lang='lat' dir='ltr'><strong>fuerit</strong></span> <span class='ocrx_word' id='word_1_243' title='bbox 1027 3763 1056 3811; x_wconf 87' lang='lat' dir='ltr'><strong>ct</strong></span> <span class='ocrx_word' id='word_1_244' title='bbox 1072 3756 1147 3813; x_wconf 84' lang='lat' dir='ltr'><strong>Aen.</strong></span> <span class='ocrx_word' id='word_1_245' title='bbox 1162 3754 1190 3825; x_wconf 80' lang='lat'><strong>6,</strong></span> <span class='ocrx_word' id='word_1_246' title='bbox 1206 3753 1283 3813; x_wconf 76' lang='lat'><strong>872:</strong></span> <span class='ocrx_word' id='word_1_247' title='bbox 1306 3760 1421 3813; x_wconf 84' lang='lat' dir='ltr'><strong>nimiam</strong></span> <span class='ocrx_word' id='word_1_248' title='bbox 1443 3757 1521 3815; x_wconf 81' lang='lat' dir='ltr'><strong>vobis</strong></span> 
     </span>
     <span class='ocr_line' id='line_1_31' title="bbox 394 3857 1520 3933; baseline 0.002 -18"><span class='ocrx_word' id='word_1_249' title='bbox 394 3859 525 3915; x_wconf 84' lang='lat' dir='ltr'><strong>Romanu</strong></span> <span class='ocrx_word' id='word_1_250' title='bbox 548 3874 681 3931; x_wconf 73' lang='lat' dir='ltr'><strong>propapo</strong></span> <span class='ocrx_word' id='word_1_251' title='bbox 704 3857 766 3912; x_wconf 80' lang='lat' dir='ltr'><strong>cita</strong></span> <span class='ocrx_word' id='word_1_252' title='bbox 789 3866 904 3930; x_wconf 74' lang='lat' dir='ltr'><strong>poteria,</strong></span> <span class='ocrx_word' id='word_1_253' title='bbox 933 3859 1041 3930; x_wconf 70' lang='lat' dir='ltr'><strong>superi,</strong></span> <span class='ocrx_word' id='word_1_254' title='bbox 1067 3860 1193 3933; x_wconf 85' lang='lat' dir='ltr'><strong>propria</strong></span> <span class='ocrx_word' id='word_1_255' title='bbox 1215 3858 1284 3916; x_wconf 79' lang='lat' dir='ltr'><strong>laea</strong></span> <span class='ocrx_word' id='word_1_256' title='bbox 1305 3863 1331 3917; x_wconf 83' lang='lat' dir='ltr'><strong>ai</strong></span> <span class='ocrx_word' id='word_1_257' title='bbox 1352 3860 1427 3916; x_wconf 83' lang='lat' dir='ltr'><strong>dana</strong></span> <span class='ocrx_word' id='word_1_258' title='bbox 1442 3859 1520 3932; x_wconf 80' lang='lat' dir='ltr'><strong>saia·</strong></span> 
     </span>
     <span class='ocr_line' id='line_1_32' title="bbox 396 3957 1518 4037; baseline 0.001 -20"><span class='ocrx_word' id='word_1_259' title='bbox 396 3970 465 4018; x_wconf 81' lang='lat' dir='ltr'><strong>seat.</strong></span> <span class='ocrx_word' id='word_1_260' title='bbox 521 3957 696 4033; x_wconf 90' lang='lat' dir='ltr'><strong>Comparari</strong></span> <span class='ocrx_word' id='word_1_261' title='bbox 723 3966 850 4031; x_wconf 84' lang='lat' dir='ltr'><strong>possunt</strong></span> <span class='ocrx_word' id='word_1_262' title='bbox 877 3957 945 4015; x_wconf 86' lang='lat' dir='ltr'><strong>item</strong></span> <span class='ocrx_word' id='word_1_263' title='bbox 976 3959 1107 4033; x_wconf 86' lang='lat' dir='ltr'><strong>precatio</strong></span> <span class='ocrx_word' id='word_1_264' title='bbox 1134 3960 1213 4037; x_wconf 90' lang='lat' dir='ltr'><strong>apud</strong></span> <span class='ocrx_word' id='word_1_265' title='bbox 1241 3958 1371 4020; x_wconf 88' lang='lat' dir='ltr'><strong>Gellium</strong></span> <span class='ocrx_word' id='word_1_266' title='bbox 1401 3960 1453 4033; x_wconf 90' lang='lat'><strong>13,</strong></span> <span class='ocrx_word' id='word_1_267' title='bbox 1481 3958 1518 4019; x_wconf 73' lang='lat'><strong>23</strong></span> 
     </span>
     <span class='ocr_line' id='line_1_33' title="bbox 394 4060 1520 4139; baseline 0.003 -21"><span class='ocrx_word' id='word_1_268' title='bbox 394 4061 473 4137; x_wconf 71' lang='lat'>[⁸22]‚</span> <span class='ocrx_word' id='word_1_269' title='bbox 497 4061 514 4119; x_wconf 89' lang='grc'>9</span> <span class='ocrx_word' id='word_1_270' title='bbox 544 4061 651 4118; x_wconf 83' lang='lat' dir='ltr'><strong>relata:</strong></span> <span class='ocrx_word' id='word_1_271' title='bbox 680 4063 721 4117; x_wconf 81' lang='lat' dir='ltr'><strong>ati</strong></span> <span class='ocrx_word' id='word_1_272' title='bbox 745 4060 831 4118; x_wconf 83' lang='lat' dir='ltr'><strong>liceat</strong></span> <span class='ocrx_word' id='word_1_273' title='bbox 850 4062 958 4135; x_wconf 78' lang='lat' dir='ltr'><strong>nuptiis</strong></span> <span class='ocrx_word' id='word_1_274' title='bbox 981 4065 1111 4137; x_wconf 83' lang='lat' dir='ltr'><strong>propriia</strong></span> <span class='ocrx_word' id='word_1_275' title='bbox 1138 4073 1163 4120; x_wconf 84' lang='lat' dir='ltr'><strong>at</strong></span> <span class='ocrx_word' id='word_1_276' title='bbox 1189 4066 1335 4139; x_wconf 82' lang='lat' dir='ltr'><strong>proaperis</strong></span> <span class='ocrx_word' id='word_1_277' title='bbox 1363 4066 1404 4121; x_wconf 84' lang='lat' dir='ltr'><strong>ati</strong></span> <span class='ocrx_word' id='word_1_278' title='bbox 1430 4081 1520 4139; x_wconf 85' lang='lat' dir='ltr'><strong>quae-</strong></span> 
     </span>
     <span class='ocr_line' id='line_1_34' title="bbox 394 4161 1520 4241; baseline 0.002 -20"><span class='ocrx_word' id='word_1_279' title='bbox 394 4184 451 4241; x_wconf 84' lang='lat' dir='ltr'><strong>que</strong></span> <span class='ocrx_word' id='word_1_280' title='bbox 473 4162 593 4221; x_wconf 89' lang='lat' dir='ltr'><strong>Nonius</strong></span> <span class='ocrx_word' id='word_1_281' title='bbox 615 4162 781 4237; x_wconf 88' lang='lat' dir='ltr'><strong>composuit</strong></span> <span class='ocrx_word' id='word_1_282' title='bbox 802 4181 832 4238; x_wconf 93' lang='lat' dir='ltr'><strong>p.</strong></span> <span class='ocrx_word' id='word_1_283' title='bbox 849 4161 905 4219; x_wconf 89' lang='grc'><strong>361</strong></span> <span class='ocrx_word' id='word_1_284' title='bbox 924 4161 1015 4221; x_wconf 85' lang='lat' dir='ltr'><strong>Marc.</strong></span> <span class='ocrx_word' id='word_1_285' title='bbox 1059 4164 1133 4222; x_wconf 89' lang='lat' dir='ltr'><strong>Mihi</strong></span> <span class='ocrx_word' id='word_1_286' title='bbox 1156 4166 1221 4223; x_wconf 85' lang='lat' dir='ltr'><strong>visa</strong></span> <span class='ocrx_word' id='word_1_287' title='bbox 1244 4175 1289 4223; x_wconf 79' lang='lat' dir='ltr'><strong>eat</strong></span> <span class='ocrx_word' id='word_1_288' title='bbox 1311 4166 1430 4223; x_wconf 89' lang='lat' dir='ltr'><strong>victima</strong></span> <span class='ocrx_word' id='word_1_289' title='bbox 1451 4184 1520 4241; x_wconf 91' lang='lat' dir='ltr'><strong>pro·</strong></span> 
     </span>
     <span class='ocr_line' id='line_1_35' title="bbox 393 4263 1517 4343; baseline 0.004 -21"><span class='ocrx_word' id='word_1_290' title='bbox 393 4267 457 4343; x_wconf 89' lang='lat' dir='ltr'><strong>pria</strong></span> <span class='ocrx_word' id='word_1_291' title='bbox 481 4266 537 4322; x_wconf 86' lang='lat' dir='ltr'><strong>dici</strong></span> <span class='ocrx_word' id='word_1_292' title='bbox 562 4265 672 4321; x_wconf 88' lang='lat' dir='ltr'><strong>numini</strong></span> <span class='ocrx_word' id='word_1_293' title='bbox 700 4265 742 4334; x_wconf 84' lang='lat' dir='ltr'><strong>ei,</strong></span> <span class='ocrx_word' id='word_1_294' title='bbox 771 4265 815 4321; x_wconf 92' lang='lat' dir='ltr'><strong>cni</strong></span> <span class='ocrx_word' id='word_1_295' title='bbox 845 4263 1015 4323; x_wconf 89' lang='lat' dir='ltr'><strong>immolatur</strong></span> <span class='ocrx_word' id='word_1_296' title='bbox 1041 4266 1122 4338; x_wconf 84' lang='lat' dir='ltr'><strong>ideo,</strong></span> <span class='ocrx_word' id='word_1_297' title='bbox 1149 4267 1229 4343; x_wconf 87' lang='lat' dir='ltr'><strong>quod</strong></span> <span class='ocrx_word' id='word_1_298' title='bbox 1260 4269 1339 4326; x_wconf 87' lang='lat' dir='ltr'><strong>dono</strong></span> <span class='ocrx_word' id='word_1_299' title='bbox 1367 4268 1394 4324; x_wconf 86' lang='lat' dir='ltr'><strong>ci</strong></span> <span class='ocrx_word' id='word_1_300' title='bbox 1421 4267 1517 4327; x_wconf 91' lang='lat' dir='ltr'><strong>datur.</strong></span> 
     </span>
     <span class='ocr_line' id='line_1_36' title="bbox 394 4365 1517 4447; baseline 0.002 -20"><span class='ocrx_word' id='word_1_301' title='bbox 394 4367 452 4428; x_wconf 86' lang='lat' dir='ltr'><strong>Sed</strong></span> <span class='ocrx_word' id='word_1_302' title='bbox 485 4366 656 4425; x_wconf 85' lang='lat' dir='ltr'><strong>Fridcrious</strong></span> <span class='ocrx_word' id='word_1_303' title='bbox 690 4365 810 4425; x_wconf 85' lang='lat' dir='ltr'><strong>Schoell</strong></span> <span class='ocrx_word' id='word_1_304' title='bbox 843 4375 1016 4443; x_wconf 88' lang='lat' dir='ltr'><strong>comparato</strong></span> <span class='ocrx_word' id='word_1_305' title='bbox 1049 4369 1115 4426; x_wconf 91' lang='lat' dir='ltr'><strong>loco</strong></span> <span class='ocrx_word' id='word_1_306' title='bbox 1147 4369 1245 4427; x_wconf 88' lang='lat' dir='ltr'><strong>Plauti</strong></span> <span class='ocrx_word' id='word_1_307' title='bbox 1274 4377 1351 4446; x_wconf 88' lang='lat' dir='ltr'><strong>capt.</strong></span> <span class='ocrx_word' id='word_1_308' title='bbox 1374 4369 1434 4429; x_wconf 83' lang='lat'><strong>860</strong></span> <span class='ocrx_word' id='word_1_309' title='bbox 1454 4389 1517 4447; x_wconf 88' lang='lat' dir='ltr'><strong>seq.</strong></span> 
     </span>
     <span class='ocr_line' id='line_1_37' title="bbox 393 4468 1518 4550; baseline 0.001 -21"><span class='ocrx_word' id='word_1_310' title='bbox 393 4470 566 4546; x_wconf 85' lang='lat' dir='ltr'><strong>(secundum</strong></span> <span class='ocrx_word' id='word_1_311' title='bbox 590 4470 682 4527; x_wconf 87' lang='lat' dir='ltr'><strong>libros</strong></span> <span class='ocrx_word' id='word_1_312' title='bbox 706 4468 863 4543; x_wconf 80' lang='lat' dir='ltr'><strong>scriptos):</strong></span> <span class='ocrx_word' id='word_1_313' title='bbox 895 4470 956 4528; x_wconf 86' lang='lat' dir='ltr'><strong>iube</strong></span> <span class='ocrx_word' id='word_1_314' title='bbox 977 4489 1049 4528; x_wconf 85' lang='lat' dir='ltr'><strong>vaca</strong></span> <span class='ocrx_word' id='word_1_315' title='bbox 1071 4471 1119 4528; x_wconf 78' lang='lat' dir='ltr'><strong>ati</strong></span> <span class='ocrx_word' id='word_1_316' title='bbox 1138 4490 1211 4547; x_wconf 82' lang='lat' dir='ltr'><strong>paar</strong></span> <span class='ocrx_word' id='word_1_317' title='bbox 1232 4474 1373 4550; x_wconf 80' lang='lat' dir='ltr'><strong>adparari</strong></span> <span class='ocrx_word' id='word_1_318' title='bbox 1400 4475 1441 4530; x_wconf 87' lang='lat' dir='ltr'><strong>ad</strong></span> <span class='ocrx_word' id='word_1_319' title='bbox 1460 4493 1518 4530; x_wconf 81' lang='lat' dir='ltr'><strong>rent</strong></span> 
     </span>
     <span class='ocr_line' id='line_1_38' title="bbox 393 4573 1518 4651; baseline 0.004 -22"><span class='ocrx_word' id='word_1_320' title='bbox 393 4576 515 4630; x_wconf 81' lang='lat' dir='ltr'><strong>(liciaarn</strong></span> <span class='ocrx_word' id='word_1_321' title='bbox 539 4577 591 4631; x_wconf 85' lang='lat' dir='ltr'><strong>cito</strong></span> <span class='ocrx_word' id='word_1_322' title='bbox 614 4584 696 4646; x_wconf 82' lang='lat' dir='ltr'><strong>atque</strong></span> <span class='ocrx_word' id='word_1_323' title='bbox 722 4591 825 4646; x_wconf 75' lang='lat' dir='ltr'><strong>oparata</strong></span> <span class='ocrx_word' id='word_1_324' title='bbox 852 4573 965 4645; x_wconf 81' lang='lat' dir='ltr'><strong>adferri</strong></span> <span class='ocrx_word' id='word_1_325' title='bbox 987 4578 1139 4650; x_wconf 83' lang='lat' dir='ltr'><strong>propriam</strong></span> <span class='ocrx_word' id='word_1_326' title='bbox 1162 4579 1310 4651; x_wconf 75' lang='lat' dir='ltr'><strong>piapaem,</strong></span> <span class='ocrx_word' id='word_1_327' title='bbox 1339 4576 1409 4634; x_wconf 89' lang='lat' dir='ltr'><strong>item</strong></span> <span class='ocrx_word' id='word_1_328' title='bbox 1436 4576 1518 4634; x_wconf 86' lang='lat' dir='ltr'><strong>locu·</strong></span> 
     </span>
     <span class='ocr_line' id='line_1_39' title="bbox 391 4674 1515 4753; baseline 0.004 -21"><span class='ocrx_word' id='word_1_329' title='bbox 391 4677 522 4732; x_wconf 87' lang='lat' dir='ltr'><strong>tionibus</strong></span> <span class='ocrx_word' id='word_1_330' title='bbox 545 4674 649 4749; x_wconf 84' lang='lat' dir='ltr'><strong>quales</strong></span> <span class='ocrx_word' id='word_1_331' title='bbox 673 4674 739 4732; x_wconf 85' lang='lat' dir='ltr'><strong>suni</strong></span> <span class='ocrx_word' id='word_1_332' title='bbox 763 4678 884 4731; x_wconf 75' lang='lat' dir='ltr'><strong>victoria</strong></span> <span class='ocrx_word' id='word_1_333' title='bbox 903 4678 1025 4749; x_wconf 78' lang='lat' dir='ltr'><strong>propria</strong></span> <span class='ocrx_word' id='word_1_334' title='bbox 1046 4676 1165 4751; x_wconf 87' lang='lat' dir='ltr'><strong>(auctor</strong></span> <span class='ocrx_word' id='word_1_335' title='bbox 1186 4679 1256 4736; x_wconf 87' lang='lat' dir='ltr'><strong>belli</strong></span> <span class='ocrx_word' id='word_1_336' title='bbox 1275 4678 1367 4736; x_wconf 73' lang='lat' dir='ltr'><strong>Afric.</strong></span> <span class='ocrx_word' id='word_1_337' title='bbox 1385 4677 1433 4735; x_wconf 77' lang='lat'><strong>32.</strong></span> <span class='ocrx_word' id='word_1_338' title='bbox 1452 4677 1515 4753; x_wconf 81' lang='lat'><strong>82),</strong></span> 
     </span>
     <span class='ocr_line' id='line_1_40' title="bbox 389 4776 1515 4858; baseline 0.004 -24"><span class='ocrx_word' id='word_1_339' title='bbox 389 4781 541 4854; x_wconf 80' lang='lat' dir='ltr'><strong>propriam</strong></span> <span class='ocrx_word' id='word_1_340' title='bbox 561 4778 697 4852; x_wconf 68' lang='lat' dir='ltr'><strong>partilium</strong></span> <span class='ocrx_word' id='word_1_341' title='bbox 720 4776 754 4850; x_wconf 92' lang='lat' dir='ltr'><strong>(l.</strong></span> <span class='ocrx_word' id='word_1_342' title='bbox 771 4796 794 4834; x_wconf 88' lang='lat' dir='ltr'><strong>c.</strong></span> <span class='ocrx_word' id='word_1_343' title='bbox 814 4776 878 4850; x_wconf 84' lang='lat'>61),</span> <span class='ocrx_word' id='word_1_344' title='bbox 901 4778 1051 4837; x_wconf 83' lang='lat' dir='ltr'><strong>existimat</strong></span> <span class='ocrx_word' id='word_1_345' title='bbox 1072 4780 1214 4839; x_wconf 84' lang='lat' dir='ltr'><strong>vocabulo</strong></span> <span class='ocrx_word' id='word_1_346' title='bbox 1237 4780 1398 4858; x_wconf 80' lang='lat' dir='ltr'><strong>significari</strong></span> <span class='ocrx_word' id='word_1_347' title='bbox 1421 4780 1515 4856; x_wconf 87' lang='lat' dir='ltr'><strong>quali·</strong></span> 
     </span>
    </p>
   </div>
   <div class='ocr_carea' id='block_1_6' title="bbox 185 4938 388 4945">
    <p class='ocr_par' dir='ltr' id='par_1_7' title="bbox 185 4938 388 4945">
     <span class='ocr_line' id='line_1_41' title="bbox 185 4938 388 4945; baseline -0.015 0"><span class='ocrx_word' id='word_1_348' title='bbox 185 4938 361 4945; x_wconf 74' lang='lat'><em>——--—-</em></span> <span class='ocrx_word' id='word_1_349' title='bbox 367 4938 388 4942; x_wconf 77' lang='lat'>-</span> 
     </span>
    </p>
   </div>
   <div class='ocr_carea' id='block_1_7' title="bbox 261 5028 1207 5278">
    <p class='ocr_par' dir='ltr' id='par_1_8' title="bbox 261 5028 1207 5278">
     <span class='ocr_line' id='line_1_42' title="bbox 263 5028 1207 5094; baseline 0.004 -16"><span class='ocrx_word' id='word_1_350' title='bbox 263 5031 286 5089; x_wconf 88' lang='lat'><strong>¹)</strong></span> <span class='ocrx_word' id='word_1_351' title='bbox 316 5030 427 5079; x_wconf 82' lang='lat' dir='ltr'><strong>Dielsius</strong></span> <span class='ocrx_word' id='word_1_352' title='bbox 448 5030 577 5078; x_wconf 77' lang='lat' dir='ltr'><strong>existimat</strong></span> <span class='ocrx_word' id='word_1_353' title='bbox 596 5031 662 5094; x_wconf 79' lang='grc' dir='ltr'><em>τρεῖς</em></span> <span class='ocrx_word' id='word_1_354' title='bbox 682 5028 748 5077; x_wconf 85' lang='lat' dir='ltr'><strong>mala</strong></span> <span class='ocrx_word' id='word_1_355' title='bbox 768 5042 867 5079; x_wconf 78' lang='lat' dir='ltr'><strong>versum</strong></span> <span class='ocrx_word' id='word_1_356' title='bbox 888 5043 943 5079; x_wconf 81' lang='lat' dir='ltr'><strong>ease</strong></span> <span class='ocrx_word' id='word_1_357' title='bbox 963 5045 995 5080; x_wconf 79' lang='lat' dir='ltr'><strong>cx</strong></span> <span class='ocrx_word' id='word_1_358' title='bbox 1014 5031 1095 5082; x_wconf 89' lang='lat' dir='ltr'><strong>latino</strong></span> <span class='ocrx_word' id='word_1_359' title='bbox 1115 5038 1207 5082; x_wconf 77' lang='lat' dir='ltr'><strong>ternuc.</strong></span> 
     </span>
     <span class='ocr_line' id='line_1_43' title="bbox 261 5120 1074 5186; baseline 0.006 -16"><span class='ocrx_word' id='word_1_360' title='bbox 261 5120 285 5181; x_wconf 75' lang='lat'><strong>²)</strong></span> <span class='ocrx_word' id='word_1_361' title='bbox 315 5123 408 5170; x_wconf 83' lang='lat' dir='ltr'><strong>Erklrrl</strong></span> <span class='ocrx_word' id='word_1_362' title='bbox 431 5124 454 5181; x_wconf 77' lang='grc'><strong>6,</strong></span> <span class='ocrx_word' id='word_1_363' title='bbox 477 5120 536 5169; x_wconf 77' lang='grc'><strong>386.</strong></span> <span class='ocrx_word' id='word_1_364' title='bbox 576 5120 665 5169; x_wconf 78' lang='lat' dir='ltr'><strong>Cohcn</strong></span> <span class='ocrx_word' id='word_1_365' title='bbox 686 5121 755 5169; x_wconf 78' lang='lat' dir='ltr'><strong>cd.2</strong></span> <span class='ocrx_word' id='word_1_366' title='bbox 776 5122 826 5169; x_wconf 91' lang='lat' dir='ltr'><strong>vol.</strong></span> <span class='ocrx_word' id='word_1_367' title='bbox 844 5125 855 5169; x_wconf 95' lang='lat' dir='ltr'><strong>l</strong></span> <span class='ocrx_word' id='word_1_368' title='bbox 877 5139 902 5186; x_wconf 93' lang='lat' dir='ltr'><strong>p.</strong></span> <span class='ocrx_word' id='word_1_369' title='bbox 917 5122 969 5173; x_wconf 76' lang='lat'><strong>478</strong></span> <span class='ocrx_word' id='word_1_370' title='bbox 990 5141 1016 5175; x_wconf 90' lang='grc' dir='ltr'><strong>ιι.</strong></span> <span class='ocrx_word' id='word_1_371' title='bbox 1031 5126 1074 5174; x_wconf 80' lang='grc'><strong>87.</strong></span> 
     </span>
     <span class='ocr_line' id='line_1_44' title="bbox 261 5212 914 5278; baseline 0 -14"><span class='ocrx_word' id='word_1_372' title='bbox 261 5212 285 5278; x_wconf 76' lang='lat'><strong>³)</strong></span> <span class='ocrx_word' id='word_1_373' title='bbox 314 5215 409 5265; x_wconf 79' lang='lat' dir='ltr'><strong>Erklral</strong></span> <span class='ocrx_word' id='word_1_374' title='bbox 431 5216 455 5275; x_wconf 78' lang='grc' dir='ltr'><strong>ιῐ,</strong></span> <span class='ocrx_word' id='word_1_375' title='bbox 477 5216 537 5263; x_wconf 67' lang='grc'><strong>386.</strong></span> <span class='ocrx_word' id='word_1_376' title='bbox 578 5213 696 5264; x_wconf 75' lang='lat' dir='ltr'><strong>t&#39;olrcnl</strong></span> <span class='ocrx_word' id='word_1_377' title='bbox 718 5229 742 5277; x_wconf 91' lang='lat' dir='ltr'><strong>p.</strong></span> <span class='ocrx_word' id='word_1_378' title='bbox 758 5215 809 5263; x_wconf 76' lang='lat'><strong>478</strong></span> <span class='ocrx_word' id='word_1_379' title='bbox 831 5229 856 5264; x_wconf 88' lang='lat' dir='ltr'><strong>n.</strong></span> <span class='ocrx_word' id='word_1_380' title='bbox 872 5216 914 5266; x_wconf 80' lang='grc'><strong>89.</strong></span> 
     </span>
    </p>
   </div>
   <div class='ocr_carea' id='block_1_8' title="bbox 0 0 1740 5828">
    <p class='ocr_par' dir='ltr' id='par_1_9' title="bbox 0 0 1740 5828">
     <span class='ocr_line' id='line_1_45' title="bbox 0 0 1740 5828; baseline 0 7"><span class='ocrx_word' id='word_1_381' title='bbox 0 0 1740 5828; x_wconf 95' lang='lat' dir='ltr'><strong> </strong></span> 
     </span>
    </p>
   </div>
  </div>
 </body>
</html>
