3474 5828
520 583 697 635 avuonvu
724 581 997 635 snacvrlnrvu.
1350 558 1423 631 259

1227 680 1425 690 *—

96 776 153 834 que
176 767 392 834 componuntur
414 778 478 816 cum
503 759 614 816 Moeris
641 759 869 834 praesideatque
896 759 1051 834 geniturae
1078 754 1272 831 utraeque¹):
1303 753 1356 812 sed
1383 754 1426 811 in·

96 868 244 919 vocantur
266 879 331 919 cum
359 861 388 918 in
416 861 586 937 precatione
613 860 687 919 actis
710 861 822 918 inserta
848 870 909 918 tum
937 859 1016 935 apud
1039 858 1198 917 Horatium
1221 848 1344 916 numero
1367 857 1427 914 siu-

97 963 204 1039 gulari.

185 1065 213 1124 3.
250 1065 354 1124 Terrae
375 1069 462 1123 matri
487 1066 575 1124 tertia
595 1083 656 1123 nox
679 1082 765 1123 sacra
787 1071 845 1136 est,
874 1065 903 1122 in
926 1064 999 1123 actis
1022 1065 1065 1121 sic
1087 1063 1271 1139 appellatae,
1298 1064 1371 1118 raia
1398 1061 1428 1119 in

99 1167 240 1238 carmine,
268 1166 351 1226 Cerea
373 1168 452 1245 apud
475 1168 643 1240 Horatium,
665 1157 795 1247 Δημήτηρ
817 1167 896 1242 apud
919 1167 1079 1226 Zosimum.

183 1268 277 1330 Sacra
298 1270 372 1328 haec
395 1279 539 1328 nocturna
560 1269 660 1328 omnia
681 1270 745 1327 fieri
768 1269 896 1328 vidimus
918 1270 948 1327 in
970 1287 1075 1345 campo
1093 1267 1202 1327 Martio
1224 1267 1253 1324 in
1276 1267 1343 1345 ipso
1365 1285 1428 1324 sae-

99 1371 241 1430 cularium
270 1373 470 1447 antiquiorum
494 1382 611 1432 vetusto
639 1373 781 1430 sacrario.
826 1370 940 1430 Contra
963 1390 1050 1430 sacra
1071 1370 1176 1429 diurna
1204 1389 1263 1428 non
1290 1369 1332 1426 ibi
1358 1368 1429 1426 offe·

101 1483 215 1546 runtur,
238 1475 290 1533 sed
312 1474 347 1531 ad
372 1475 462 1533 aedes
486 1475 608 1534 deorum
631 1475 803 1532 caelestium
826 1475 992 1549 primarias.

185 1577 212 1633 4.
246 1577 311 1634 lovi
333 1581 437 1652 optimo
459 1582 579 1636 maximo
604 1577 701 1652 primo
723 1576 771 1634 die
793 1594 910 1634 sacrum
933 1577 967 1634 fit
988 1575 1018 1633 in
1041 1574 1201 1651 Capitolio.
1244 1575 1277 1631 ln
1300 1574 1429 1632 carmine

100 1682 171 1736 item
195 1697 232 1735 ex
257 1679 350 1737 sacris
373 1678 488 1737 diurnis
516 1680 641 1755 primum
666 1686 713 1737 est
739 1678 817 1753 quod
839 1679 873 1736 fit
894 1673 959 1740 Διὸς
982 1673 1059 1760 πικροὶ
1081 1669 1191 1744 βωμόν.
1235 1678 1323 1753 Apud
1346 1676 1429 1733 Zosi-

101 1800 181 1838 mum
203 1799 278 1856 quae
300 1781 357 1840 huc
379 1783 539 1858 pertinent:
563 1783 596 1861 τῇ
618 1773 648 1840 δὲ
671 1778 741 1849 ,rastri
765 1781 871 1852 rodeno
893 1781 976 1858 (post
990 1782 1115 1858 primam
1132 1780 1262 1855 noctem)
1284 1767 1370 1858 ἦνὲρᾳ
1393 1777 1431 1835 εἰς

100 1875 131 1939 vii
147 1874 325 1941 Καπιτώλιον
340 1874 507 1947 ἀναβάντες
529 1881 688 1944 κάνταῦθα
709 1882 762 1946 τὰς
784 1876 979 1953 νενομισμένας
996 1874 1108 1940 Suriae
1129 1870 1369 1960 nporayoe‘ytivrsa
1391 1878 1431 1935 ἒν-

134 1975 191 2041 ῦθ.)
270 1975 356 2020 aij
577 1978 585 2003 r
673 1979 681 2004 r
783 1985 791 2008 2
848 1982 855 1999 ι
961 1981 968 2001 r
1084 1977 1093 2002 t
1143 1982 1151 2003 ν
1254 1985 1268 2001 n
1323 1978 1332 2000 a
1391 1974 1399 1996 1

101 2006 132 2041 τι
192 2008 207 2041 ν
222 2007 250 2041 τε
267 2008 310 2041 siri
328 2008 355 2041 ,ο
371 2008 631 2051 κατισκιυασμειόν
641 1983 765 2068 θεατρον
780 1982 919 2048 ελθοντες
934 2006 986 2044 τας
999 1979 1124 2067 θεωρνας
1139 1991 1311 2041 enarrasse-iv
1335 1990 1431 2040 Απολ-

102 2094 167 2146 λννι
187 2078 236 2144 καὶ
256 2077 393 2170 Ἀρτέμιδι
417 2099 556 2165 corrupta
571 2099 642 2148 sunt
656 2090 733 2148 male
747 2090 868 2149 insertis
884 2090 978 2147 tribus
993 2087 1146 2147 vocabulis
1170 2086 1327 2162 postremis
1343 2084 1433 2161 culpa

103 2188 292 2249 librariorum
316 2190 414 2265 potius
438 2210 525 2267 quam
549 2193 687 2251 auctoris.

187 2293 215 2351 5.
248 2293 352 2350 Iunoni
377 2296 505 2367 rapinae,
532 2294 669 2352 nimirum
693 2293 882 2373 Capitolinae
910 2294 974 2352 lovi
1002 2286 1155 2368 ouvrrdpi)
1185 2311 1269 2352 sacer
1296 2300 1341 2350 est
1369 2291 1432 2350 dies

105 2394 267 2453 secundus:
291 2406 322 2452 ut
344 2395 373 2451 in
397 2396 527 2454 carmine
544 2388 630 2478 ’Ἥρης
653 2391 714 2465 vair
737 2405 807 2473 post
828 2396 910 2455 lovis
934 2396 1035 2455 aedem
1060 2396 1177 2454 iubetur
1199 2396 1349 2453 honorari.

188 2497 216 2556 6.
252 2497 384 2574 Apollini
406 2506 431 2554 et
446 2498 561 2555 Ilionae
582 2515 698 2556 sacrum
719 2500 752 2557 fit
773 2500 820 2558 die
844 2500 941 2557 tertio.
975 2498 1057 2557 Illiua
1076 2498 1208 2556 meminit
1224 2516 1342 2556 carmen
1366 2504 1435 2574 post

104 2598 248 2658 Iunonem
273 2599 327 2656 sle:
351 2590 397 2655 nai
413 2591 519 2661 Φοῖβος
534 2593 682 2656 Ἀπόλλων
704 2594 771 2658 c'rrs
793 2591 841 2657 nal
862 2592 953 2671 η’ἔλνος
974 2591 1165 2670 κικλήσκεται.
1201 2598 1318 2676 Sibylla
1340 2600 1364 2658 si
1388 2619 1434 2656 cer

106 2702 191 2774 cinit,
219 2711 252 2759 ut
273 2713 352 2759 certo
374 2701 457 2770 fecit,
487 2710 556 2760 ante
579 2703 763 2779 Augustum,
793 2721 880 2762 sacra
906 2703 979 2761 haee
1004 2703 1114 2760 numini
1143 2702 1200 2760 sibi
1228 2702 1348 2778 proprio
1370 2702 1435 2759 fieri

106 2805 201 2861 voluit
223 2804 261 2861 ad
284 2804 430 2861 theatrum
453 2804 601 2875 Marcelli,
629 2823 724 2880 eoque
746 2816 845 2881 potest
866 2806 983 2877 referri,
1012 2804 1092 2881 quod
1112 2804 1231 2863 Dianae
1254 2824 1313 2863 non
1337 2804 1435 2861 memi-

107 2908 162 2977 nit,
192 2926 256 2963 eam
284 2906 362 2963 enim
389 2905 498 2963 ibidem
523 2925 586 2963 cum
609 2906 700 2965 fratre
722 2907 831 2965 cultam
855 2926 1003 2966 essenon
1032 2907 1174 2964 habemus
1199 2907 1347 2966 traditum.
1394 2908 1436 2964 At

108 3006 216 3083 Capito
239 3026 326 3065 sacra
348 3027 383 3064 ea
404 3008 467 3065 fieri
489 3008 577 3065 iussit
597 3007 627 3065 in
644 3010 715 3066 aede
732 3019 800 3067 ante
816 3010 987 3069 decennium
1010 3009 1071 3066 fere
1084 3008 1220 3067 dedicata
1241 3009 1279 3066 ab
1295 3012 1436 3086 Augusto

108 3110 242 3186 Apollini
265 3109 413 3166 Palatino.
457 3110 557 3167 Diana
583 3129 658 3185 quae
685 3112 848 3170 secundum
876 3122 943 3169 acta
968 3111 1186 3186 Horatiumque
1215 3111 1370 3167 invocatur
1398 3112 1437 3168 si·

108 3213 180 3285 mul,
203 3212 319 3269 videtur
335 3212 448 3268 adiecta
470 3229 537 3269 esse
551 3231 569 3267 a
586 3211 741 3288 Capitone.
776 3212 920 3284 Latonae,
944 3232 1020 3288 quae
1044 3232 1188 3270 unacum
1210 3213 1271 3271 filio
1288 3212 1438 3270 colebatur

109 3323 188 3372 certe
210 3318 239 3371 in
263 3314 336 3371 aede
358 3315 395 3371 ad
419 3314 564 3371 theatrum
582 3313 766 3390 Marcelli3),
789 3316 870 3374 solus
886 3316 1023 3374 Zosimus
1046 3315 1188 3373 meminit.
1226 3315 1261 3372 In
1284 3314 1358 3372 aede
1380 3314 1438 3370 Pe·

110 3415 202 3474 latina
224 3435 291 3474 cum
309 3417 419 3491 Apollo
443 3417 589 3474 coleretur
608 3417 724 3474 medius
748 3418 824 3475 inter
846 3435 976 3475 sororem
1001 3415 1232 3492 matremque⁴),
1256 3416 1293 3474 ad
1315 3416 1437 3474 eandem

110 3518 213 3576 aedem
241 3538 328 3577 sacra
349 3518 465 3576 Dianae
491 3519 570 3576 facta
597 3519 759 3576 referamus
786 3538 908 3578 necesse
930 3528 988 3589 est,
1019 3521 1295 3596 coniungunturque
1318 3518 1439 3575 omnino

113 3639 199 3678 sacra
217 3621 403 3696 Apollinaria
426 3631 454 3678 et
468 3621 580 3683 Diania
601 3640 666 3678 cum
688 3622 718 3678 in
735 3623 809 3679 actis
831 3634 890 3680 tum
915 3623 996 3698 apud
1017 3633 1133 3697 poetam
1158 3623 1210 3694 ita,
1232 3630 1264 3678 ut
1285 3620 1324 3678 ad
1340 3621 1438 3678 Areu·

111 3723 257 3782 tinensem
281 3724 382 3780 aedem
411 3724 483 3781 haee
505 3733 653 3798 nequeant
675 3723 753 3781 facta
775 3741 850 3781 esse.
895 3722 1099 3781 Nihilominus
1121 3725 1190 3782 inde
1213 3723 1292 3799 quod
1314 3723 1352 3780 ad
1374 3742 1438 3779 eam

111 3842 229 3900 quoque
256 3826 358 3882 aedem
386 3826 486 3901 fruges
513 3826 697 3902 accipiuntur
724 3825 763 3901 (v.
788 3826 838 3902 10)
867 3837 897 3883 et
921 3826 1001 3901 quod
1030 3826 1107 3901 apud
1137 3836 1257 3902 poetam
1287 3826 1441 3884 invocatur

112 3926 214 3986 Diana
236 3947 308 4002 quac
332 3938 402 3984 tenet
424 3929 593 3986 Avaritiaene
617 3929 819 4002 Alpidumque,
845 3930 871 3986 ei
895 3929 1010 3986 numini
1032 3929 1205 4006 colligemus
1228 3947 1329 4006 parem
1353 3939 1442 4003 atque

115 4120 317 4130 m---

193 4261 215 4323 ¹)
244 4263 319 4313 Plato
338 4278 449 4328 aympos.
470 4280 491 4312 c.
507 4265 540 4313 25
561 4279 586 4328 p.
604 4263 692 4314 toti:
721 4263 807 4329 Maipa
827 4256 868 4312 rial
888 4259 1028 4313 Εἰλείθυια
1048 4254 1063 4326 ἦ
1082 4254 1196 4327 καλλονή
1214 4260 1267 4311 ἔστι
1286 4260 1319 4334 τῇ
1336 4258 1440 4330 pislerii.

114 4353 242 4406 Pindarus
260 4353 335 4405 Nem.
351 4358 375 4415 7,
399 4358 426 4404 1:
450 4351 590 4404 ’Bariana
612 4343 719 4422 πάρεδρε
740 4352 838 4421 Μοιρᾶν
864 4353 1037 4423 βαθυφρόνων.
1078 4354 1180 4419 Olymp.
1196 4357 1221 4416 6,
1241 4358 1288 4404 41ι
1312 4352 1344 4418 aqi
1368 4351 1410 4422 file
1431 4346 1443 4401 ὅ

115 4435 277 4517 χρυσοκᾶμας
300 4436 437 4514 πραῦμητῖν
455 4439 480 4494 τ’
498 4441 649 4495 Ἐλείθυιαν
672 4445 830 4512 παρέστασέν
853 4465 880 4496 τε
900 4441 1006 4514 Μοίρας.
1047 4448 1226 4498 conferendus
1246 4448 1278 4496 de
1297 4448 1396 4497 Moeris
1420 4456 1444 4496 et

116 4539 229 4602 Ilithyiia
244 4540 421 4589 Wilamowitz
440 4541 466 4589 in
487 4542 672 4589 commentario
692 4542 724 4589 de
744 4541 823 4604 Isyllo
842 4540 931 4607 philol.
950 4538 1093 4590 L'nterauclr.
1109 4542 1124 4589 9
1145 4555 1169 4604 p.
1186 4541 1303 4590 15.186.

194 4629 218 4691 ²)
249 4633 358 4681 Arvales
376 4633 511 4695 aliquoties
531 4634 685 4682 conveniunt
703 4634 729 4681 in
747 4616 873 4699 Capitolio
893 4640 949 4682 onte
968 4632 1054 4682 cellam
1073 4631 1178 4682 Iunonis
1195 4635 1299 4698 rapinae
1318 4632 1361 4694 (cl.
1375 4634 1445 4683 Hen-

116 4738 163 4773 aen
183 4730 231 4772 act
251 4741 276 4787 p.
293 4726 336 4773 82.
357 4723 427 4784 106).

193 4813 217 4876 3)
247 4816 288 4865 ct.
308 4816 366 4864 fasti
386 4816 524 4866 Urbinates
545 4816 572 4866 C.
587 4818 608 4865 1.
624 4817 652 4866 L.
674 4817 687 4866 1
711 4835 736 4881 p.
752 4817 818 4867 330:
848 4815 963 4883 Apollini
985 4813 1121 4879 Lotonlac)
1149 4816 1185 4866 ud
1208 4816 1348 4879 theotrocus)
1373 4815 1445 4867 Mur·

118 4906 197 4969 cicili)
218 4914 244 4956 et
263 4922 308 4957 ara
328 4909 424 4957 urbana
444 4909 473 4957 C.
488 4909 509 4955 Ι.
525 4909 555 4957 L.
569 4909 615 4967 VI,
636 4909 670 4957 3‘2
690 4909 809 4959 dedicata
829 4906 975 4975 [Apollr'Jai
991 4906 1093 4959 Dianae
1113 4906 1236 4959 Latonae.

118 5020 121 5024 ’
194 4998 219 5061 ⁴)
249 5000 397 5064 Propertius
418 5003 442 5060 2,
464 5002 495 5049 31
518 5001 582 5049 tine:
607 5000 696 5050 danda
719 5003 784 5050 inter
803 5008 903 5050 matrem
922 4999 982 5050 deuo
1006 5003 1060 5068 ipsc
1078 5003 1189 5068 interque
1214 5017 1322 5052 acrorem
1341 4999 1448 5066 Pythius

118 5094 144 5141 ia
169 5091 247 5157 Icnya
271 5093 384 5141 coracino
409 5098 472 5141 reete
497 5099 578 5141 conat.
616 5092 728 5141 Dianam
754 5092 819 5142 hunc
844 5094 913 5158 quod
937 5094 1075 5143 Eclrhelins
1100 5096 1125 5155 6,
1146 5096 1181 5144 93
1207 5102 1232 5142 et
1255 5094 1353 5145 Preller
1376 5093 1446 5143 acm.

119 5181 200 5249 Muti.
221 5182 249 5233 1³
274 5201 297 5249 p.
314 5186 365 5233 309
385 5185 499 5233 scribunt
518 5183 641 5249 appellari
663 5186 803 5249 victricem,
829 5187 918 5236 nititur
937 5187 1011 5236 titulo
1031 5185 1111 5238 Orell.
1126 5187 1196 5237 2626
1214 5206 1248 5228 =
1264 5186 1293 5237 C.
1308 5187 1356 5250 IX,
1377 5180 1448 5237 256*

121 5276 222 5328 ficticia.

1185 5386 1245 5448 lt*
