3472 5828
166 1790 624 1903 ADDITAMENTA
659 1792 704 1904 N
705 1793 819 1906 OVA
855 1793 938 1904 AD
975 1793 1271 1907 CORPORIS

519 1982 820 2096 VOLVMEN
855 1984 920 2095 ΙΙ.

61 2423 293 2576 Rstjeditum
321 2496 562 2572 supplementum
584 2497 747 2555 voluminis
770 2496 894 2555 secundi
915 2496 1080 2556 triennium
1102 2497 1153 2556 vix
1176 2498 1311 2573 elapsum
1333 2510 1379 2556 est

62 2605 151 2673 atque
173 2600 233 2657 iam
256 2600 402 2658 succrevit
424 2601 531 2659 messis
553 2601 783 2674 inscriptionum
805 2621 951 2660 novarum
973 2603 1080 2680 ampla,
1104 2622 1193 2677 quam
1209 2623 1247 2661 ne
1263 2601 1378 2661 diutius

61 2705 109 2761 vel
131 2705 163 2762 in
187 2705 304 2763 schedis
326 2705 373 2762 vel
395 2704 428 2763 in
450 2705 534 2763 libris
557 2725 661 2783 pamm
683 2705 765 2764 notis
785 2706 892 2764 lateret
913 2705 974 2764 iam
995 2706 1092 2764 visum
1114 2714 1161 2765 est
1174 2705 1289 2783 publici
1303 2705 1378 2765 iuris

62 2810 167 2867 lacere.
218 2813 296 2868 Sane
324 2830 420 2883 neque
450 2808 662 2867 effossionibus
689 2810 826 2868 consulto
854 2808 1001 2868 institutis
1028 2808 1112 2869 tituli
1139 2808 1272 2886 Hispani
1298 2810 1378 2867 aucti

62 2919 142 2991 sunt,
167 2914 269 2986 quales
292 2913 324 2969 in
347 2913 472 2988 reliquis
487 2913 605 2990 imperii
620 2913 750 2971 Romani
765 2912 937 2990 regionibns
952 2915 1014 2971 fere
1033 2913 1173 2972 omnibus
1196 2922 1378 2972 crescentem

62 3017 223 3089 quotannis
249 3016 479 3093 inscriptionum
506 3023 537 3074 et
564 3024 826 3075 monumentorum
852 3037 1010 3076 numerum
1032 3019 1253 3093 proferunt-
1276 3016 1303 3075 si
1326 3037 1378 3075 ex-

63 3119 176 3195 ceperis
199 3121 409 3197 Nertobrigam
431 3129 461 3180 et
485 3120 592 3180 cabaa
613 3121 659 3178 del
682 3120 786 3197 Grr'eyo
809 3120 919 3197 oppida
944 3153 996 3199 —‚
1026 3140 1081 3178 nec
1109 3121 1194 3180 novis
1220 3119 1378 3179 itineribus

62 3245 78 3280 a
101 3244 148 3282 me
172 3225 327 3302 susceptis.
374 3227 432 3284 Sed
454 3225 582 3303 primum
598 3234 731 3284 veterum
747 3224 910 3283 amicorum
925 3245 1059 3284 meorum
1074 3224 1225 3283 industria
1239 3225 1377 3283 effectum

62 3336 119 3405 est,
151 3336 185 3386 ut
212 3330 272 3386 loci
300 3329 416 3404 aliquot
442 3331 540 3387 denuo
568 3330 768 3388 inviserentur
796 3337 826 3387 et
852 3329 1065 3405 antiquitatum
1094 3348 1183 3387 causa
1211 3329 1378 3387 accuratius

61 3432 294 3511 explorarentur‚
318 3434 349 3491 in
373 3433 483 3507 quibus
505 3433 716 3510 inscriptiones
731 3436 885 3492 Romanae
909 3441 961 3491 aut
982 3433 1035 3491 diu
1057 3434 1209 3508 neglectae
1232 3439 1283 3490 aut
1299 3452 1378 3489 nun-

62 3556 151 3607 quam
174 3537 302 3594 sollicite
325 3537 523 3612 investigatae
546 3547 625 3598 sunt.
664 3539 782 3596 Deinde
805 3558 874 3595 vero
898 3539 1018 3596 tandem
1041 3537 1202 3611 aliquando
1226 3535 1332 3594 crescit
1345 3535 1377 3592 in

62 3640 125 3697 dies
149 3662 290 3698 numerus
312 3641 442 3699 virorum
466 3643 496 3699 in
519 3642 698 3719 paeninsula
720 3641 834 3701 Iberica
856 3643 902 3699 vel
925 3643 1081 3700 doctorum
1104 3641 1151 3698 vel
1177 3641 1376 3716 indoctorum,

62 3745 114 3817 qui
138 3745 236 3802 studio
260 3747 403 3803 laudabili
425 3745 536 3822 patrias
559 3746 752 3822 antiquitates
776 3747 1004 3823 amplectuntur.
1037 3747 1117 3803 Aera
1131 3743 1276 3821 inscripta
1290 3764 1377 3822 nova,

63 3848 143 3904 velut
166 3849 347 3924 Vipascense
370 3850 527 3908 italicense
551 3852 750 3929 Ursonensia,
779 3871 849 3908 sane
871 3870 933 3908 non
960 3849 1152 3926 prodieruut;
1181 3850 1234 3907 sed
1263 3855 1379 3924 praeter

62 3951 166 4009 titulos
205 3954 384 4028 sepulcrales
418 3954 568 4031 simplices
605 3956 676 4013 satis
709 3956 820 4012 multos
854 3953 969 4030 singuli
1000 3954 1105 4012 saltem
1135 3953 1224 4010 etiam
1256 3950 1378 4009 maioris

62 4056 150 4131 pretii
182 4058 291 4132 reperti
322 4066 408 4136 sunt,
443 4060 552 4132 quibus
585 4059 692 4117 notitia
722 4058 888 4136 Hispaniae
920 4059 1058 4134 antiquae
1091 4056 1174 4115 vario
1205 4057 1294 4114 modo
1327 4063 1379 4114 aut

63 4167 188 4235 augetur
222 4171 272 4219 aut
306 4165 489 4222 emendatur.
549 4166 573 4220 E
606 4163 879 4240 peregrinatoribus
916 4163 1040 4240 exteris,
1082 4160 1136 4236 qui
1170 4160 1377 4238 paeninsulam

63 4264 214 4342 adierunt,
244 4267 347 4342 paucis
379 4267 554 4325 nominandi
584 4276 655 4325 sunt
683 4269 842 4325 Eduardus
873 4269 1002 4345 Spencer
1032 4267 1177 4340 Dodgson
1206 4265 1377 4342 Britannus,

62 4368 182 4444 linguae
212 4371 395 4428 Vasconicae
424 4372 579 4447 indagator
607 4377 762 4448 strenuus,
793 4377 823 4428 et
849 4373 999 4429 Arthurus
1025 4369 1121 4444 Engel
1150 4366 1378 4427 numismaticns

62 4473 229 4552 Parisinus,
255 4475 307 4548 qui
329 4477 395 4532 loca
417 4498 434 4533 a
456 4476 559 4553 paucis
582 4474 820 4550 adhucuvisitata
842 4495 908 4533 mea
929 4494 1019 4532 causa
1040 4472 1180 4532 adierunt
1203 4481 1232 4532 et
1254 4474 1291 4530 de
1313 4491 1378 4529 mo·

63 4578 215 4635 numentis
238 4579 352 4653 aliquot
375 4580 568 4658 rettulerunt,
600 4601 676 4654 quae
699 4581 764 4656 ipse
787 4580 915 4637 invisere
938 4558 1186 4654 non⁸potueram.
1231 4574 1377 4651 Engelius

63 4702 98 4738 eo
132 4704 251 4757 quoque
284 4684 406 4741 nomine
441 4685 552 4760 optime
586 4684 709 4742 meritus
743 4693 803 4761 est,
841 4683 920 4757 quod
953 4681 1099 4759 pertinaci
1129 4679 1378 4758 pervestigatione

63 4794 214 4844 auctorem
237 4788 388 4845 fraudium
411 4788 578 4864 ineptarum
602 4788 731 4866 detexit,
760 4809 836 4862 quae
859 4797 928 4845 ante
951 4789 1007 4845 hos
1029 4785 1136 4862 viginti
1159 4787 1220 4843 fere
1243 4802 1338 4841 annos
1362 4804 1377 4839 e

63 4892 143 4948 Colli
166 4896 341 4949 Sanctorum
371 4912 463 4968 prope
488 4892 682 4968 Momealeyre
711 4892 841 4967 prolatae
872 4897 958 4966 sunt3
988 4896 1023 4948 ut
1051 4889 1192 4948 adnotavi
1213 4888 1245 4945 in
1268 4889 1378 4945 Monu-

63 4997 173 5054 mentis
195 4997 268 5071 ling.
293 4998 368 5054 Iber.
393 5017 420 5071 p.
447 4999 565 5054 CXLII.

151 5103 240 5162 Quod
263 5102 335 5158 olim
359 5102 475 5176 speravi
497 5104 632 5158 futurum
656 5120 729 5178 esse,
753 5108 787 5157 ut
809 5100 846 5157 ab
869 5098 1021 5157 academia
1044 5097 1128 5172 regia
1148 5095 1291 5156 historica
1312 5096 1378 5153 Ma-

62 5205 180 5263 tritensi
196 5208 331 5264 ederetur
352 5207 517 5282 ephemeris
540 5204 728 5280 epigraphica
749 5204 885 5280 Hispana
906 5201 1019 5280 (Suppl.
1036 5223 1063 5279 p.
1081 5197 1189 5280 LXII),
1206 5201 1238 5259 id
1259 5208 1379 5278 propter

106 5327 295 5384 Efflnusrnis
318 5347 419 5385 nerea.
447 5347 510 5384 vus.
532 5331 554 5383 V
560 5330 609 5385 [ll.
1131 5325 1169 5381 23
