3472 5828
387 501 460 573 352
848 524 1107 575 annmnununn
1134 526 1232 576 nova

384 711 515 770 rationes
536 711 634 770 varias
657 717 796 770 eventum
819 731 880 769 non
902 711 1016 770 habuit.
1054 714 1114 771 Sed
1136 711 1190 787 qui
1211 713 1248 770 ab
1272 714 1376 771 eadem
1397 710 1549 770 academia
1571 713 1701 770 eduntur

384 816 521 875 fasciculi
542 815 690 874 menstrui
713 811 824 897 (boletin
845 816 879 874 dc
900 817 930 874 lc
951 816 1027 875 Rccl
1049 817 1203 875 Academia
1224 816 1258 874 dc
1280 818 1310 875 lo
1330 813 1458 895 Ιιίεέοήα)
1481 818 1518 876 de
1543 817 1633 874 rebus
1662 817 1700 874 ad

382 919 538 979 historiam
560 920 726 998 Hispaniae
748 919 919 980 universam
941 920 1146 997 spectantibus
1169 920 1269 979 officio
1291 920 1344 979 illo
1367 920 1470 995 aliqua
1490 921 1606 979 ratione
1629 921 1700 978 iun-

382 1032 511 1104 guntur,
540 1024 582 1083 ita
610 1032 724 1103 tamen,
754 1032 789 1084 ut
809 1026 943 1102 legantes
971 1046 987 1084 e
1014 1023 1207 1084 multitudine
1228 1045 1329 1084 rerum
1349 1023 1475 1083 aliarum
1498 1033 1643 1101 cogantur
1665 1045 1700 1082 ea

383 1127 544 1207 expiscari,
572 1149 649 1204 quae
677 1128 829 1204 pertinent
850 1130 888 1187 ad
910 1127 1104 1204 antiquitates
1126 1131 1286 1188 Romanas.
1332 1127 1469 1188 Accessit
1490 1147 1586 1205 nuper
1608 1130 1699 1205 ephe·

382 1231 472 1291 meris
498 1231 570 1290 item
597 1240 749 1292 menstrua
775 1231 877 1291 critica
903 1232 983 1291 edita
1005 1253 1023 1290 a
1044 1232 1196 1308 Raphaele
1219 1231 1366 1291 Altamira
1391 1230 1521 1312 [Recine
1543 1232 1641 1290 critica
1663 1232 1698 1289 dc

384 1335 541 1415 laetcnay
564 1336 721 1415 literatura,
745 1335 861 1395 Matriti
887 1339 965 1396 1895
982 1333 1049 1415 ss),
1073 1357 1149 1412 quae
1172 1337 1264 1396 etiam
1285 1339 1322 1395 de
1344 1335 1573 1412 antiquitatibus
1596 1343 1625 1394 et
1646 1335 1695 1394 in-

382 1439 595 1516 scriptionibus
623 1440 710 1499 novis
736 1439 861 1518 repertis
883 1442 992 1499 referre
1015 1439 1075 1499 sibi
1096 1439 1254 1517 proposuit
1275 1447 1364 1516 atque
1386 1440 1447 1499 iam
1470 1441 1603 1499 continet
1624 1442 1698 1498 Ber-

380 1544 487 1620 langae
509 1544 743 1621 disputationem
765 1545 802 1603 da
825 1544 1028 1604 tintinnabulo
1051 1544 1268 1603 Tarraconensi
1289 1540 1379 1624 (infra
1401 1564 1429 1602 n.
1451 1540 1530 1624 198).
1568 1546 1603 1602 In
1625 1545 1698 1601 Por·

379 1646 506 1724 tugallia
544 1656 704 1725 postquam
744 1647 911 1724 ephemeris
948 1647 1064 1707 Rcoistc
1097 1646 1288 1725 crclcclogicc
1321 1647 1400 1707 dicta
1433 1656 1463 1706 et
1495 1648 1532 1705 ab
1562 1646 1696 1705 Antonio

381 1752 492 1827 Borges
526 1753 562 1810 de
600 1751 778 1827 Figueiredo
816 1752 897 1810 edita
933 1750 1057 1811 editoris
1092 1759 1187 1811 morte
1227 1753 1319 1810 finem
1354 1751 1459 1809 habuit
1494 1751 1696 1828 immaturum,

379 1856 525 1932 Iosephus
555 1855 640 1914 Leite
670 1856 707 1914 de
738 1855 966 1935 Vasconcallos‚
1007 1854 1253 1915 bibliothecarius
1284 1854 1507 1932 Olisiponensis
1538 1861 1568 1914 et
1600 1853 1698 1913 musei

381 1958 564 2036 ethnologici
586 1958 713 2018 aStatio
736 1962 774 2019 da
789 1958 885 2037 Veiga
908 1958 1022 2019 conditi
1044 1959 1182 2038 director,
1205 1959 1360 2019 inlocum
1381 1959 1465 2018 illius
1487 1960 1574 2018 edere
1598 1957 1698 2035 coepit

382 2062 586 2141 ephemerides
614 2071 781 2124 menstruas
810 2063 969 2141 inscriptas
997 2085 1014 2120 c
1040 2063 1215 2142 Arcleoloqc
1241 2064 1410 2142 Por-tapam
1441 2084 1515 2139 quas
1543 2080 1697 2140 speramus

379 2168 500 2244 longius
523 2171 680 2228 duraturas
702 2188 767 2228 asse
790 2189 880 2244 quam
901 2167 964 2226 illa.

466 2293 577 2350 Fontes
603 2289 781 2350 vebistiores
811 2290 849 2348 ad
877 2288 1108 2366 inscriptionum
1129 2289 1333 2367 Hispanamm
1360 2288 1500 2348 notitiam
1528 2291 1695 2364 aagendam

378 2392 468 2454 utiles
490 2415 552 2454 non
574 2395 648 2454 mihi
669 2396 866 2454 innotuerunt
887 2402 1004 2472 praeter
1025 2415 1129 2454 unum.

466 2515 630 2595 Gregorius
653 2515 733 2575 enirn
755 2518 880 2594 Mayans
895 2515 961 2576 inre
976 2517 1132 2576 consultus
1147 2518 1253 2597 clarus,
1270 2515 1316 2575 vir
1330 2514 1528 2593 amplitudine
1543 2514 1696 2574 doctrinae

379 2627 409 2678 et
430 2618 535 2678 iudicii
557 2618 694 2679 acumine
716 2641 807 2698 snpra
829 2621 983 2680 saeculum
1004 2627 1035 2680 et
1055 2620 1201 2698 populum
1224 2640 1312 2680 suum
1335 2620 1478 2701 eminens,
1502 2619 1590 2679 annia
1613 2621 1694 2678 1758

379 2731 409 2782 et
426 2726 507 2784 1760
523 2724 669 2801 epistulas
691 2725 765 2783 duas
788 2725 905 2801 scripsit
927 2727 1014 2785 Petro
1028 2727 1202 2786 Burmanno
1225 2725 1362 2786 Secundo
1386 2726 1423 2783 de
1445 2723 1694 2801 inscriptionibus

378 2827 510 2887 metricis
539 2828 572 2887 in
599 2828 751 2907 Hispania
777 2828 912 2907 repertis.
956 2829 1111 2906 Epistulas
1136 2832 1191 2889 has
1218 2830 1308 2908 duas,
1336 2828 1432 2889 editas
1454 2827 1486 2887 in
1508 2827 1695 2906 praefatione

378 2932 580 3008 Antbologiae
613 2941 747 2992 veterum
779 2933 1026 3011 epigrammatum
1058 2932 1235 2994 Latinorum
1268 2934 1305 2994 ab
1338 2935 1395 2992 hoc
1428 2940 1547 2992 curatae
1580 2932 1638 2991 vol.
1666 2933 1696 2990 II

378 3031 606 3116 (Amsteledami
634 3034 741 3118 1773),
772 3038 953 3098 recentiores
984 3038 1053 3098 illas
1084 3058 1176 3112 quam
1206 3058 1282 3114 quae
1312 3038 1487 3115 prodiemnt
1517 3036 1550 3094 in
1580 3037 1695 3112 sylloge

378 3140 575 3217 epistularum
602 3141 752 3219 Mayansii
782 3141 862 3201 edita
889 3141 1006 3202 Matriti
1034 3163 1058 3201 a.
1088 3145 1167 3202 1734
1195 3151 1226 3201 et
1251 3145 1346 3221 1756,
1369 3141 1526 3200 valentiae
1548 3161 1574 3199 a.
1603 3142 1694 3218 1742,

378 3265 467 3319 quam
490 3243 618 3323 contuli,
643 3265 698 3321 ego
721 3252 808 3304 antea
830 3265 892 3304 non
914 3246 1045 3323 legeram
1067 3267 1165 3321 neque
1188 3245 1288 3305 extitit
1309 3247 1388 3304 inter
1408 3245 1489 3305 viros
1511 3247 1624 3322 doctos,
1642 3243 1695 3318 qui

377 3357 550 3427 apparatum
584 3349 807 3427 epigraphicum
839 3351 971 3428 corporis
1002 3350 1232 3428 inscriptionum
1262 3351 1437 3409 Latinarum
1469 3358 1693 3426 congesserunt,

378 3453 487 3529 aliquis
521 3474 569 3513 me
602 3453 734 3531 peritior.
790 3454 949 3513 Francisco
983 3456 1164 3514 Buechelero
1198 3455 1388 3531 anthologiae
1421 3454 1546 3513 Latinae
1586 3452 1694 3511 editori

376 3557 550 3634 nuperrimo
585 3558 724 3637 contigit,
757 3567 792 3617 ut
824 3559 939 3635 primus
973 3559 1087 3618 fontem
1118 3561 1198 3617 hunc
1229 3560 1325 3617 adhuc
1357 3559 1524 3635 neglectum
1556 3556 1692 3633 aperiret.

377 3662 450 3737 Agit
477 3662 651 3737 Mayanaius
680 3661 712 3719 in
741 3661 879 3739 epistulis
906 3660 969 3721 illis
997 3662 1114 3722 duabus
1142 3664 1180 3721 de
1208 3661 1455 3739 inscriptionibus
1483 3660 1615 3720 metricis
1641 3681 1694 3738 ge-

376 3764 481 3825 nuinis
502 3768 584 3844 XVI,
608 3765 692 3825 falsie
707 3768 773 3845 VII,
798 3765 968 3826 christianis
990 3767 1039 3824 vel
1060 3765 1276 3825 recentioribus
1291 3769 1342 3826 VI.
1381 3768 1478 3825 Notae
1501 3772 1572 3825 sunt
1590 3785 1694 3825 omnes

375 3877 493 3945 praeter
515 3870 792 3945 Carthaginiensem
814 3891 916 3949 unam,
936 3891 1026 3945 quarn
1041 3871 1120 3929 infra
1136 3890 1201 3930 sero
1218 3873 1337 3930 demum
1352 3870 1465 3947 patriae
1481 3890 1552 3928 suae
1567 3870 1692 3929 restituo

377 3969 417 4053 (n.
438 3970 518 4054 194).
549 3976 595 4032 Ex
611 3973 872 4033 observationibus
887 3975 952 4034 eius
976 3976 1062 4034 doleo
1085 3995 1132 4033 me
1156 3982 1242 4034 antea
1264 3974 1418 4051 ignorasse
1441 3995 1517 4050 quae
1539 3974 1693 4033 adnotavit

380 4078 417 4136 ad
440 4077 653 4155 epigrammata
674 4078 776 4155 pontis
799 4079 1022 4138 AlcantarensIs
1045 4075 1086 4159 (n.
1112 4075 1201 4159 761);
1225 4082 1279 4138 has
1301 4087 1332 4136 et
1352 4078 1483 4154 reliquas
1505 4087 1539 4137 ut
1560 4080 1693 4154 legentes

376 4183 530 4240 consulere
553 4189 677 4259 possent
698 4183 725 4241 si
746 4181 897 4242 voluerint
919 4183 1022 4243 addidi
1046 4183 1096 4242 hic
1125 4190 1319 4261 conspectum
1348 4183 1504 4242 titulorum
1534 4182 1690 4261 editorum,

375 4309 451 4365 quos
472 4289 524 4348 ille
546 4292 718 4350 Burmanno
741 4290 824 4349 misit
845 4290 1095 4351 adnotationibus
1117 4292 1181 4352 suis
1202 4293 1377 4352 illustratos.

472 4501 501 4539 n.
527 4483 585 4541 391
611 4483 738 4559 Mayans
758 4502 787 4559 p.
811 4484 855 4541 IX
1029 4504 1058 4542 n.
1073 4485 1156 4542 2314
1180 4486 1306 4560 Mayens
1327 4505 1356 4561 p.
1380 4484 1478 4542 XLIV

526 4587 587 4644 558
672 4632 691 4664 ‚,
759 4588 841 4665 „X
1073 4591 1157 4647 2335
1243 4635 1260 4667 „
1329 4636 1346 4666 ,‚
1381 4590 1453 4646 XIV

526 4691 585 4748 761
672 4737 690 4767 ,‚
759 4692 871 4768 „XV
1074 4694 1154 4751 3871
1242 4739 1260 4771 ,‚
1328 4692 1453 4770 „xlx

506 4795 586 4851 1235
672 4839 690 4871 ‚,
758 4840 776 4870 ‚,
811 4794 855 4851 XI
1072 4798 1155 4854 4137
1242 4843 1260 4873 ,‚
1328 4796 1465 4874 „XLV

507 4899 587 4957 1293
673 4943 690 4975 ‚,
759 4898 868 4975 „XL
1072 4902 1154 4958 4314
1242 4947 1259 4977 ,,
1327 4946 1344 4977 ‚‚
1377 4901 1509 4957 XXXIV
1526 4916 1549 4956 s.
1567 4900 1621 4956 XL

507 5002 586 5058 1399
673 5047 690 5078 ,‚
759 5002 867 5077 „XL
1072 5006 1154 5060 4315
1240 5049 1257 5079 „
1326 5050 1344 5081 ‚,
1378 5004 1549 5061 XXXIVs.
1568 5004 1622 5060 XL

505 5105 586 5162 1580
672 5152 690 5179 ,‚
758 5151 775 5177 ,‚
810 5105 912 5162 XLIX
1070 5107 1153 5164 4426
1239 5152 1256 5181 ‚,
1325 5153 1342 5183 ‚‚
1377 5107 1518 5165 XXXVI
1543 5108 1597 5163 XL

506 5208 586 5264 1699
673 5254 690 5284 ‚,
758 5207 912 5284 „XLIV
1026 5208 1148 5267 infran.
1167 5212 1256 5286 197„
1325 5254 1342 5286 ‚,
1378 5211 1461 5269 XLV
