3472 5828
211 1229 268 1360 P
267 1304 317 1361 lus
339 1321 428 1377 quam
451 1301 609 1360 biennium
636 1302 768 1379 transiit,
797 1311 955 1380 postquam
983 1305 1226 1380 supplementum
1253 1306 1311 1362 hoc
1339 1303 1470 1362 alterum
1495 1303 1546 1362 in·

212 1406 411 1484 scriptionum
432 1406 639 1483 Hispanarum
665 1405 846 1484 impressum
867 1415 897 1465 et
919 1408 1065 1484 exemplis
1091 1407 1208 1485 aliquot
1233 1426 1368 1466 morsum
1389 1405 1484 1466 editis
1505 1409 1545 1467 sd

212 1511 326 1570 amicos
348 1529 401 1568 eos
424 1508 634 1567 transmissum
656 1516 709 1587 est,
734 1509 841 1586 quiin
864 1513 1070 1589 componendo
1093 1511 1147 1570 illo
1169 1531 1217 1569 me
1232 1510 1419 1571 adiuvarent.
1456 1512 1543 1570 Dum

211 1612 395 1691 imprimitur
416 1613 542 1671 accessit
563 1613 729 1671 auctarium
752 1609 793 1691 (n.
812 1609 1007 1694 263-300);
1034 1634 1104 1673 cum
1125 1614 1186 1673 iam
1207 1621 1325 1690 tempus
1346 1613 1483 1690 instaret,
1507 1625 1544 1674 ut

210 1725 349 1775 octavum
376 1717 433 1774 hoc
462 1714 671 1791 Ephemeridis
700 1715 911 1793 epigraphicae
933 1718 1075 1775 volumen
1102 1716 1135 1774 in
1161 1717 1319 1794 publicum
1340 1717 1541 1802 emitteretur,

209 1838 289 1879 nova
311 1819 433 1877 interim
454 1817 687 1896 inscriptionum
702 1820 809 1879 messis
824 1820 980 1879 succrevit.
1018 1818 1112 1878 Tituli
1133 1839 1257 1879 numero
1280 1819 1398 1879 circiter
1413 1821 1464 1880 OG
1488 1840 1542 1897 per

209 1926 266 1982 hoc
288 1923 446 1981 biennium
469 1922 507 1980 ab
530 1921 634 1980 amicis
655 1922 731 1980 mihi
753 1922 896 1982 submissi
922 1932 993 1981 sunt
1020 1943 1057 1982 ex
1080 1923 1219 1983 omnibus
1247 1926 1311 1982 fere
1339 1922 1540 2000 paeninsulae

210 2025 394 2102 regionibus.
432 2028 468 2085 Id
483 2024 565 2083 enim
579 2044 660 2083 nunc
675 2026 796 2084 demum
812 2033 992 2085 consecutus
1011 2046 1079 2085 sum
1101 2026 1361 2086 adhortationibus
1383 2013 1540 2086 continbis

209 2138 241 2190 et
261 2128 458 2207 epistularum
482 2129 660 2186 commercio
683 2149 838 2204 nunquam
859 2130 1036 2208 interrupto,
1060 2139 1096 2190 ut
1116 2151 1212 2208 paene
1234 2129 1312 2188 nihil
1325 2129 1370 2189 ibi
1382 2128 1541 2189 invenire-

209 2243 268 2312 tur,
292 2235 329 2292 de
352 2252 413 2306 quo
437 2231 546 2290 certior
567 2252 630 2290 non
651 2235 762 2291 fierem.
800 2235 859 2292 Sed
878 2241 950 2292 sunt
972 2234 1005 2292 in
1028 2254 1152 2294 numero
1175 2234 1227 2293 illo
1251 2233 1334 2292 tituli
1356 2233 1537 2311 complures,

209 2356 338 2412 quorum
360 2343 476 2394 textum
499 2337 635 2394 nondum
657 2356 823 2413 proponere
845 2336 918 2396 licet
940 2350 1085 2413 quantum
1112 2338 1178 2396 fieri
1205 2343 1305 2415 potest
1333 2337 1537 2396 emendatum

209 2440 313 2498 Veluti
342 2439 474 2515 exempli
501 2457 590 2496 causa
617 2438 752 2516 illorum,
781 2439 834 2514 qui
855 2440 888 2498 in
910 2459 985 2516 rupe
1007 2441 1075 2499 viva
1096 2443 1134 2500 ad
1156 2460 1239 2500 oram
1267 2440 1385 2499 insulae
1408 2439 1539 2499 Baliaris

208 2541 336 2601 minoris
362 2541 508 2617 insculpti
531 2547 633 2599 extant
657 2539 700 2621 (O.
717 2544 747 2601 11
766 2563 795 2619 p.
814 2540 897 2620 963).
943 2543 1025 2601 Novi
1047 2543 1112 2602 eius
1133 2543 1252 2619 generis
1274 2542 1396 2602 interim
1426 2542 1539 2602 detecti

208 2654 280 2706 sunt
309 2644 438 2720 ibidem3
470 2644 544 2703 item
570 2645 751 2722 sepulcrales
778 2645 890 2704 vetusti
915 2666 1008 2723 prope
1035 2647 1191 2724 oppidum,
1219 2647 1300 2721 quod
1323 2645 1538 2707 Guiuntanum

208 2750 303 2809 fuisse
332 2750 418 2808 credo
449 2747 482 2807 in
510 2748 609 2807 insula
637 2749 749 2806 Baliari
775 2749 888 2807 maiore
915 2746 1017 2827 (supra
1038 2771 1067 2826 p.
1086 2745 1168 2830 445).
1213 2754 1415 2810 Accesserant
1443 2750 1537 2811 etiam

206 2853 317 2913 Iberici
339 2851 420 2929 novi,
445 2873 482 2910 ex
506 2851 664 2909 Lusitanis
686 2851 889 2929 meridionali,
914 2873 950 2911 ex
975 2853 1137 2931 Callaecia,
1161 2855 1243 2912 unde
1265 2853 1343 2912 nulli
1364 2855 1464 2912 adhuc
1488 2854 1536 2914 in·

208 2963 385 3035 notuerunt,
409 2976 446 3013 ex
469 2955 604 3032 Baetica,
629 2975 666 3013 ex
689 2955 864 3033 Celtiberia,
893 2975 969 3031 quos
991 2976 1096 3015 omnes
1117 2958 1326 3034 supplemento
1349 2956 1474 3034 proprio
1496 2960 1536 3018 ad

208 3061 406 3120 Monumenta
438 3059 560 3134 linguae
590 3059 723 3117 Ibericae
750 3060 886 3118 addendo
914 3062 1163 3135 comprehendere
1188 3060 1221 3118 in
1249 3060 1349 3119 animo
1373 3071 1427 3120 est.
1474 3064 1533 3121 Sed

208 3184 296 3239 quam
320 3182 425 3221 omnes
447 3170 638 3238 expectamus
659 3162 805 3221 desiderio
828 3181 937 3237 magno
959 3162 1105 3239 bilinguis
1119 3183 1189 3221 vera
1204 3166 1339 3223 nondum
1354 3164 1533 3241 comparuit.

208 3267 330 3341 Reliqui
346 3265 506 3325 maximam
523 3273 636 3341 partem
651 3265 773 3340 quidem
789 3267 968 3341 sepulcrales
984 3275 1054 3325 sunt
1069 3265 1231 3343 simplices,
1252 3274 1287 3324 ut
1302 3268 1533 3344 exspectaveris,

208 3381 237 3428 et
260 3388 440 3444 quamquam
464 3389 525 3425 non
548 3369 613 3425 sine
636 3369 742 3444 pretio,
767 3376 887 3444 propter
910 3370 1053 3427 formulas
1077 3378 1106 3428 et
1128 3369 1251 3427 nomine
1275 3370 1433 3448 peregrina
1455 3392 1533 3446 quae

206 3474 370 3548 continent,
395 3481 494 3528 tamen
517 3492 578 3528 non
601 3471 677 3529 tanti
699 3471 853 3548 momenti,
877 3482 911 3529 ut
926 3472 1126 3531 necessarium
1143 3476 1292 3531 crederem
1311 3493 1415 3532 omnes
1431 3476 1532 3534 denuo

205 3575 238 3631 in
269 3574 376 3633 seriem
406 3575 634 3650 geographicam
663 3577 797 3632 redactos
834 3574 883 3632 hic
913 3575 1038 3633 adicere.
1094 3577 1193 3651 Selegi
1222 3584 1323 3635 autern
1357 3576 1532 3651 quindecim

205 3679 326 3737 maioris
350 3679 503 3752 aliquanto
527 3679 624 3755 pretii,
650 3698 725 3752 quos
748 3678 826 3736 inira
849 3677 954 3754 adieci,
979 3699 1016 3735 ne
1032 3679 1084 3737 diu
1105 3680 1137 3736 in
1153 3680 1271 3738 schedis
1294 3680 1369 3739 meis
1390 3682 1529 3741 laterent

205 3781 314 3840 Adieci
348 3794 500 3858 praeterea
532 3782 739 3840 adnotationes
774 3801 884 3856 paucas
914 3784 952 3839 ad
979 3782 1084 3841 titulos
1113 3803 1202 3860 supra
1229 3783 1261 3841 in
1290 3787 1347 3842 hoc
1375 3786 1530 3844 volumine

204 3886 314 3964 editos,
346 3906 420 3960 quas
448 3895 500 3944 aut
527 3887 663 3962 exempla
690 3886 813 3943 meliora
843 3886 963 3944 interim
991 3886 1139 3944 submissa
1166 3897 1217 3945 aut
1240 3888 1404 3946 amicorum
1427 3890 1531 3948 obser·

202 3990 339 4047 vationes
362 3998 413 4048 aut
436 3990 691 4048 considerationes
714 3989 836 4047 iteratae
859 3989 977 4067 exigere
999 3989 1081 4047 visae
1103 3998 1181 4050 sunt.

254 4090 257 4095 ·
289 4127 423 4185 Berolini
446 4146 547 4185 mense
570 4126 679 4184 Martio
704 4148 729 4185 a.
747 4127 1023 4186 MDCCCXCVIII.

1047 4336 1225 4406 Ansuuvs
1251 4335 1423 4407 Horrea.
