3472 5828
207 528 281 600 402
723 551 1007 602 raneacorna'srs

521 648 976 657 -—.———-..—-———-

204 734 359 812 Descripsi
381 756 417 794 ex
441 735 564 815 ectypis‚
594 757 670 812 quae
698 737 782 797 misit
808 740 866 797 Ios
890 738 975 797 lette
996 738 1033 796 de
1052 739 1274 819 Vasconoellos,
1297 738 1351 814 qui
1372 741 1413 798 ds
1435 740 1528 799 titulo

204 841 267 916 egit
293 848 428 899 accurate
456 840 487 899 in
516 841 714 917 praelectione
744 842 911 901 academica
938 865 954 899 o
980 844 1045 900 deses
1073 844 1249 902 Braoorense
1276 842 1529 922 Ponyomobs'aqrss

204 966 240 1003 ex
268 944 456 1021 ephemeride
484 945 599 1003 Recu'sta
620 946 760 1005 Lusitana
781 947 839 1005 vol.
855 948 899 1005 111
927 966 1062 1006 seorsum
1089 948 1217 1025 repetita
1246 944 1417 1027 (Olisipone
1445 948 1526 1005 1894

203 1069 253 1126 pp.
273 1051 300 1127 9,
320 1046 369 1129 4.).
415 1049 580 1125 Imaginem
607 1050 763 1126 proposuit
785 1051 922 1110 Albanus
944 1051 1061 1109 Bellino
1088 1052 1121 1110 in
1147 1054 1246 1112 fronte
1271 1051 1343 1110 libri
1364 1050 1416 1110 sui
1438 1051 1526 1110 inser.

203 1173 272 1211 rom.
297 1154 330 1211 de
354 1155 452 1230 Braqc
475 1150 589 1232 (1805).

246 1279 315 1335 V.l
347 1276 417 1334 Non
449 1275 590 1354 Caeliana,
621 1284 656 1335 ut
677 1277 709 1335 in
731 1277 819 1336 titulo
843 1298 872 1335 n.
897 1279 996 1355 2420,
1026 1278 1079 1336 sed
1110 1277 1218 1336 essee
1246 1277 1278 1336 iu
1305 1278 1406 1356 lapide
1429 1279 1528 1338 fuisse

204 1379 444 1456 spatiumdooot
466 1387 496 1439 et
517 1381 622 1440 titulus
645 1402 713 1439 arae
735 1380 917 1459 fastigiatae,
948 1382 1001 1456 qui
1030 1389 1116 1440 antea
1144 1402 1247 1442 musco
1270 1388 1300 1441 et
1322 1382 1405 1441 foliis
1428 1390 1528 1442 tectus

206 1502 287 1543 nunc
310 1484 430 1543 demum
452 1484 598 1561 apparuit.

247 1597 321 1654 v.5
348 1596 384 1653 In
411 1595 534 1653 nomine
564 1595 614 1653 dei
641 1594 758 1654 litterae
789 1597 864 1655 duae
891 1595 1004 1672 priores
1025 1604 1147 1672 propter
1168 1596 1257 1672 spatii
1280 1597 1439 1673 angustias
1461 1604 1527 1657 tam

202 1706 263 1757 arte
287 1699 465 1758 coniunctae
489 1708 567 1778 sunt,
590 1705 624 1757 ut
645 1698 742 1775 prima
763 1720 825 1758 non
847 1699 924 1758 clare
946 1707 1102 1777 appareret
1123 1708 1224 1758 utrum
1247 1717 1262 1757 r
1282 1721 1319 1758 an
1340 1719 1404 1759 ran
1420 1718 1437 1758 r
1452 1720 1492 1758 an
1508 1719 1528 1759 τ

203 1802 258 1878 eit3
285 1804 339 1861 sed
360 1802 460 1879 lapide
483 1805 581 1861 denuo
610 1823 678 1862 cum
705 1824 775 1862 cura
804 1803 972 1862 examinato
998 1806 1144 1881 Iosephus
1170 1804 1255 1863 Leito
1284 1806 1415 1864 affirmat
1442 1812 1526 1864 certo

201 1924 220 1964 τ
246 1926 323 1984 esse,
348 1908 429 1966 unde
451 1926 575 1984 nomen,
605 1909 685 1982 quod
712 1908 776 1984 ipse
799 1915 886 1966 antea
908 1907 1147 1985 Pmaqoesabs'cyas
1169 1929 1233 1967 esse
1257 1910 1436 1986 crediderat,
1464 1909 1528 1969 iam

207 2011 440 2089 Tonpaeabiopus
463 2013 557 2071 fuisse
579 2012 760 2086 putabimus.
806 2016 907 2086 Atque
930 2013 1094 2089 comparari
1121 2024 1248 2088 possunt
1273 2012 1391 2090 Tosysiu
1418 2013 1529 2091 Tonqe-

204 2125 294 2174 tamus
312 2115 486 2193 lbuyobripa
508 2114 630 2174 nomina
652 2117 788 2174 Callaeca
810 2136 847 2174 ex
871 2118 973 2175 eadem
995 2117 1094 2175 radice
1117 2118 1251 2177 formata
1291 2116 1460 2193 Oorrigitur
1483 2117 1528 2176 ita

203 2222 284 2295 quod
306 2226 393 2279 antea
411 2219 482 2278 dedi
496 2219 656 2295 Argotium
679 2230 799 2278 secutus
815 2253 857 2262 -
872 2240 940 2278 nam
963 2220 1027 2297 ipse
1043 2241 1153 2279 nomen
1174 2222 1275 2297 legere
1290 2241 1351 2280 non
1366 2231 1528 2297 potueram

203 2331 314 2383 tectum
344 2323 423 2382 calce
451 2334 482 2381 et
510 2343 613 2382 musco
640 2357 683 2365 —
710 2323 977 2382 Roracoenatlmacus
1004 2325 1050 2383 vel
1080 2325 1345 2384 Rosscoeaaetcscua.
1390 2326 1528 2385 Litterae

203 2428 336 2504 reliquae
366 2427 437 2487 satis
461 2428 556 2487 clarae
584 2442 662 2486 sunt.
709 2431 781 2487 Post
805 2446 826 2488 0
850 2430 984 2507 finalem,
1007 2430 1108 2505 paullo
1131 2429 1279 2488 minorem
1301 2430 1383 2487 illam
1413 2428 1529 2489 litteris

203 2532 342 2611 reliquis,
372 2552 448 2606 quae
470 2531 503 2590 in
525 2532 655 2606 imagine
678 2531 788 2589 Bellini
810 2532 942 2591 cernitur
965 2552 986 2611 1,
1018 2553 1080 2591 non
1107 2541 1153 2592 est
1179 2534 1288 2593 fissura
1314 2533 1438 2612 lapidis,
1470 2536 1529 2594 sed

204 2636 336 2714 novicia,
361 2638 397 2695 ab
420 2636 559 2713 imperito
582 2638 712 2711 quodam
734 2636 849 2713 addita3
873 2645 908 2696 ut
928 2637 1044 2696 iudicat
1064 2637 1158 2697 Leite.

246 2761 283 2819 V.
302 2762 320 2817 0
345 2762 440 2834 Supra
463 2758 617 2834 fastigium
639 2779 706 2817 arae
728 2758 823 2836 lapidi
844 2759 1012 2835 insculptae
1035 2768 1138 2818 extant
1160 2758 1223 2818 sive
1241 2768 1416 2818 ornamenta
1431 2780 1530 2835 qnae·

206 2864 273 2923 dam
296 2862 359 2922 sive
381 2863 497 2923 litterae
513 2864 665 2941 confusae,
689 2883 765 2937 quae
786 2863 914 2939 Iosepho
929 2864 1014 2921 Leite
1030 2863 1171 2938 antiquae
1186 2884 1251 2923 esse
1266 2863 1347 2922 visae
1364 2883 1426 2923 non
1443 2874 1528 2924 sunt

251 2991 355 3065 ltaque
377 2988 537 3064 legendum
559 2985 695 3067 [Callima
718 2988 824 3047 Fronto
847 2988 1058 3066 Arcobrigenses
1081 2988 1292 3066 Ambinaopa'duc
1306 2989 1384 3069 fecit
1410 2990 1529 3068 Tonqoe·

203 3091 330 3171 misego.
379 3093 486 3151 Calissae
500 3092 578 3172 fecit
599 3088 738 3170 Front[o].

250 3207 359 3267 Geticus
380 3206 491 3266 rustice
514 3205 654 3264 scribitur
676 3226 729 3281 pro
755 3204 892 3278 Caelicas3
922 3226 992 3263 nam
1020 3205 1153 3264 eiusdem
1181 3206 1246 3263 sine
1270 3204 1361 3264 dubio
1389 3206 1531 3267 hominis

204 3334 314 3372 nomen
339 3312 464 3371 Caelicue
479 3312 584 3369 Fronto
607 3309 747 3369 scribitur
762 3309 794 3366 in
810 3309 895 3367 titulo
912 3330 929 3366 a
944 3310 1005 3366 filio
1021 3309 1084 3367 sive
1101 3331 1118 3367 a
1132 3320 1240 3385 nepote
1263 3322 1292 3367 et
1307 3311 1529 3386 pronepotibus

204 3417 303 3494 posito
320 3438 347 3474 n.
367 3419 460 3493 2419,
486 3436 553 3472 oum
569 3417 682 3471 sontem
697 3415 777 3470 huno
793 3412 892 3489 ipsum
908 3413 968 3470 nisi
984 3414 1070 3471 fallor
1091 3400 1301 3471 ‘renovarunt'
1323 3415 1442 3472 saeculo
1461 3416 1529 3474 lere

204 3522 299 3597 primo
323 3528 459 3578 exeunte.
507 3518 633 3576 Cartima
656 3517 771 3575 ridetur
799 3537 908 3574 nomen
935 3517 1044 3591 gentile
1068 3536 1132 3574 esse
1156 3515 1282 3589 originis
1304 3517 1467 3577 Lusitanae
1493 3532 1528 3578 ut

206 3624 386 3682 Antenoraicee
409 3622 601 3680 serenantem
623 3620 775 3698 Africana,
798 3620 912 3679 Iberica
935 3621 1040 3695 multa,
1065 3628 1098 3677 ut
1122 3619 1256 3677 Carnicae
1278 3618 1432 3696 Popusieus
1454 3624 1527 3701 alia,

206 3750 281 3804 quae
305 3727 458 3803 composui
481 3728 553 3784 MLI
576 3748 604 3801 p.
623 3727 730 3783 CXXI.
776 3727 981 3801 Comparanda
1008 3734 1078 3781 sunt
1105 3723 1217 3781 Caelius
1242 3724 1337 3780 ctoati
1358 3734 1385 3781 et
1411 3725 1529 3784 Caelius

206 3833 310 3890 Serani
321 3835 352 3911 s.
376 3833 514 3889 112781.
534 3832 612 3888 5321
641 3842 669 3885 et
694 3828 855 3905 Caeliom'pa
876 3830 905 3887 Π
930 3830 1022 3903 5736,
1052 3828 1123 3885 item
1147 3822 1332 3903 *Caetobriga
1356 3830 1382 3884 ll
1407 3832 1469 3888 416
1498 3839 1530 3888 et

208 3935 364 3993 Caelestes
385 3936 414 3993 Il
431 3936 513 3993 2568
530 3932 652 3990 nomina
667 3932 871 4010 geographica,
896 3952 985 4009 opicae
1003 3931 1118 3988 Gelonae
1138 3930 1202 3990 itin.
1220 3936 1331 3989 Anton.
1350 3951 1377 4006 p.
1396 3933 1470 4009 432,
1490 3936 1527 4007 8;

206 4039 296 4096 huius
319 4037 450 4111 regionis
473 4036 581 4095 omnia.
627 4040 731 4094 Statua
752 4036 809 4094 viri
832 4037 947 4094 videtur
970 4036 1062 4093 (lelici
1085 4054 1159 4092 esse.

249 4157 409 4236 Arcobripa
431 4161 502 4216 haee
525 4159 587 4216 sive
602 4157 747 4215 Lusitana
769 4156 830 4214 sive
847 4157 983 4214 Callaeoa
1005 4162 1155 4231 praeterea
1177 4163 1356 4214 memoratur
1379 4154 1410 4213 in
1434 4156 1528 4216 titulo

208 4264 363 4322 (lauriensi
384 4265 508 4337 11765;
532 4260 697 4336 Arcobriga
719 4260 896 4318 Celtiberiae
921 4256 1005 4338 (Plin.
1022 4261 1064 4316 lll
1081 4261 1119 4316 24
1144 4259 1212 4316 Itin.
1231 4262 1342 4317 Anton.
1365 4278 1394 4333 p.
1417 4262 1490 4335 437,
1512 4265 1524 4319 1

207 4369 330 4426 Ptolem.
348 4369 377 4425 Π
395 4370 424 4445 6,
442 4364 494 4444 57)
518 4387 607 4442 prope
631 4364 764 4423 Bilbilim
788 4363 904 4422 diversa
926 4372 978 4422 est.
1018 4362 1227 4438 Atrabimoyidua
1249 4361 1347 4439 gentis
1370 4362 1528 4421 Callaeoae

208 4472 337 4530 alicuius
360 4491 469 4529 nomen
492 4478 544 4546 ost,
570 4478 603 4526 ut
626 4467 831 4526 Ambt'rodocus
852 4470 880 4524 ll
904 4470 997 4546 4306,
1021 4466 1144 4542 originis
1167 4469 1292 4523 fortasse
1315 4465 1458 4525 Celticae.

254 4592 493 4672 lbnpoenaba'apus
516 4590 564 4648 dei
586 4609 697 4648 nomen
720 4590 841 4647 aliunde
864 4608 924 4647 non
946 4596 1052 4646 notum
1074 4589 1111 4645 ad
1138 4589 1253 4644 sontem
1280 4585 1429 4661 pertinere
1452 4607 1529 4646 con-

207 4698 277 4757 iecit
299 4697 385 4756 Leite
408 4702 528 4772 propter
550 4694 617 4752 stabi
637 4693 766 4751 radicem
793 4712 882 4768 quam
905 4691 1052 4766 continet3
1081 4692 1168 4749 Nebis
1191 4699 1220 4749 et
1241 4689 1338 4747 Novio
1365 4690 1530 4750 fluminum

206 4802 239 4860 in
262 4801 436 4878 regionibus
459 4799 518 4857 illis
542 4797 664 4856 nomina
687 4805 767 4855 nota.

251 4926 341 4988 Quod
366 4920 472 4980 Geticus
489 4921 595 4977 Fronto
618 4918 644 4975 is
667 4917 719 4991 qui
742 4919 797 4975 deo
814 4917 1013 4991 anaglyphum
1028 4915 1162 4973 votivum
1185 4914 1286 4989 posuit
1307 4933 1418 4972 nomen
1435 4934 1529 4975 suum

208 5028 316 5087 iterum
338 5024 492 5102 inscripsit
514 5045 590 5100 arao,
615 5021 682 5080 ideo
706 5024 831 5080 sortasse
855 5019 933 5098 fecit,
958 5027 992 5077 ut
1007 5021 1223 5077 domonstraret
1245 5020 1320 5075 hano
1344 5037 1465 5093 quoque
1487 5020 1530 5081 ad

208 5132 286 5190 idem
318 5137 419 5190 votum
448 5129 606 5207 pertinere.
657 5128 796 5184 Ceterum
817 5123 893 5202 seer't
918 5129 1078 5197 utrumque
1104 5122 1198 5199 magis
1225 5124 1261 5180 dc
1293 5122 1450 5181 dedicante
1476 5120 1530 5183 in-

207 5235 410 5309 tellegendum
437 5255 526 5310 quam
554 5235 590 5292 de
618 5231 779 5307 sculptore3
811 5227 869 5285 nisi
898 5228 977 5285 idem
1005 5230 1095 5285 homo
1124 5235 1152 5284 et
1180 5225 1260 5284 vovit
1282 5232 1311 5283 ct
1338 5225 1416 5286 fecit
1464 5228 1529 5287 Ars
