3472 5828
589 550 640 624 an
668 550 764 601 noan
794 550 995 600 nnvamvu.

142 652 321 665 ,ῤ-
332 652 398 658 -.-
409 651 564 658 ........-.

132 736 227 780 tamen
251 723 327 780 idem
351 734 470 779 secutus
493 722 707 779 Mommseuuni
735 723 827 796 (apud
851 722 1023 780 Henzeunm
1048 725 1187 781 relacione
1217 744 1243 798 p.
1261 724 1314 796 51)
1341 725 1453 791 stat-nit,

132 827 269 881 ‹rolrtrrrine
296 824 498 899 accipiendum
527 842 591 880 esse
615 824 651 880 de
678 823 779 899 templi
807 823 942 899 fastigio,
970 826 1095 899 ideoque
1117 826 1156 881 ibi
1181 837 1292 883 tautum
1315 825 1452 882 culminis

134 929 309 984 mentionem
344 928 406 983 lieri
441 927 589 1001 potuisse,
625 927 673 982 ubi
707 925 871 983 aedilicium
904 945 1002 984 versus
1035 931 1165 985 orientem
1198 928 1339 985 directum
1373 939 1454 985 esset

132 1030 233 1103 (quale
256 1041 302 1086 est
324 1029 464 1103 templum
489 1026 687 1098 Concordiae,
718 1047 782 1084 cum
807 1028 960 1085 Pantheon
984 1030 1125 1086 directum
1149 1032 1187 1084 sit
1216 1028 1252 1084 ad
1280 1029 1453 1103 septentrio·

133 1133 226 1204 uem),
259 1132 328 1187 milri
354 1150 410 1187 riou
434 1130 589 1206 persuasit.
642 1127 825 1187 Crediderim
853 1130 967 1187 culmen
996 1131 1179 1188 referendum
1206 1149 1273 1188 esse
1300 1130 1335 1188 nd
1359 1150 1453 1188 sucer-
1527 1156 1538 1177 ι

132 1234 229 1288 dotem
254 1234 348 1308 ipsum
373 1232 418 1302 (nt
440 1243 485 1288 est
513 1231 589 1305 apud
613 1230 730 1288 Livium
750 1233 775 1299 1,
792 1232 874 1300 34,9
899 1234 1006 1290 culmen
1027 1252 1162 1290 acerimum
1184 1232 1331 1306 laminis),
1360 1250 1452 1307 neque

133 1357 163 1391 re
189 1354 257 1391 vera
283 1334 394 1409 aliquid
422 1335 565 1390 interesse
592 1334 668 1390 iuter
696 1332 860 1390 locutiones
882 1353 979 1391 versae
1006 1337 1137 1392 orientem
1158 1343 1187 1391 et
1209 1335 1329 1392 culmine
1356 1353 1453 1392 verere

132 1441 273 1493 orientem.

175 1538 214 1593 ’20
237 1558 315 1595 arina
339 1559 364 1613 p.
384 1536 417 1596 C.
435 1537 469 1594 ‘21
496 1536 673 1594 sacrificinm
697 1536 769 1593 deae
791 1536 869 1595 Diae
892 1557 949 1594 nori
973 1539 1072 1609 luisse,
1095 1538 1123 1595 id
1147 1539 1226 1614 quod
1248 1540 1453 1613 expectaveris

133 1640 293 1697 secundum
318 1659 446 1696 cationes
469 1639 505 1695 ab
528 1637 670 1695 Henzeuo
692 1638 735 1714 (p.
752 1638 784 1712 4)
806 1640 990 1715 propositos,
1013 1639 1116 1697 diebus
1144 1640 1188 1697 17.
1213 1641 1258 1697 19.
1280 1640 1318 1697 20
1342 1641 1453 1697 mensis

135 1743 208 1811 ilai,
236 1742 286 1798 sed
311 1743 469 1815 postremis
493 1740 553 1797 lere
580 1741 637 1797 iam
665 1753 792 1798 constat.
840 1738 927 1798 Unde
955 1752 1033 1799 recte
1060 1742 1188 1800 fortasse
1213 1743 1380 1816 suspicatus
1409 1754 1454 1798 est

135 1844 212 1900 Hnla
236 1843 268 1916 (Ι.
285 1864 310 1899 c.
336 1864 362 1917 p.
380 1842 443 1916 26),
466 1860 581 1899 sacrum
606 1843 661 1899 hoe
684 1852 751 1900 ante
768 1840 826 1901 Gai
849 1853 974 1900 aetutem
998 1863 1029 1899 re
1052 1862 1123 1901 vera
1144 1844 1233 1900 inisse
1257 1863 1314 1901 non
1335 1853 1452 1913 stultam,

132 1946 186 2002 sed
208 1945 387 2002 indictivum.

1130 2150 1432 2160 ——-.———-—--

408 2269 441 2328 C.
466 2269 632 2328 CAESAR
655 2267 877 2329 AVGVSTVS
901 2267 1177 2337 GERMANICVS

745 2428 771 2464 a.
795 2406 843 2465 38.

137 2547 157 2601 1⁴*
163 2546 305 2601 rustnlurn
330 2530 416 2601 cuius⁴
436 2545 551 2600 litteras
575 2544 779 2602 inclinavimus
802 2553 949 2619 repertum
968 2557 1034 2617 post
1048 2545 1168 2601 alterum
1193 2565 1219 2601 a.
1239 2544 1316 2602 1860
1339 2544 1454 2618 (itaque

134 2650 275 2703 natussum
300 2647 377 2721 eiputl
402 2646 575 2702 Heuzenntn
600 2646 738 2703 relaziorte
766 2667 792 2720 p.
814 2645 846 2718 5)
875 2664 975 2703 rursus
1004 2647 1033 2702 iu
1062 2664 1165 2702 museo
1192 2667 1209 2702 a
1236 2646 1319 2703 nobis
1346 2647 1455 2702 frustra

134 2751 300 2823 quaesitum
324 2759 383 2815 est3
408 2750 502 2804 locum
526 2748 565 2804 ita
588 2749 716 2804 restitnit
739 2747 940 2805 Mommsenus
963 2749 991 2803 iu
1016 2749 1102 2805 huius
1126 2747 1331 2822 Ephemeridis
1354 2747 1454 2805 votv

135 2870 161 2925 p.
184 2853 254 2907 158:

178 2986 265 3057 Quod
286 2987 384 3042 borium
400 2989 535 3058 sanatum
552 2987 627 3060 selis
642 2988 821 3059 sortrruatura
843 2987 1051 3062 salutareq(ue)
1073 2990 1110 3044 eit
1134 2984 1166 3042 C.
1194 2986 1315 3044 Caesari
1335 2986 1409 3060 Aua.

198 3088 369 3146 Gerruuaira
392 3093 449 3162 ipsi
471 3087 698 3162 sororibusqoa)
715 3093 774 3146 eius
795 3089 929 3164 p(opuio)
946 3088 1103 3163 R(orrrano)
1121 3087 1279 3157 Quiritibus
1294 3088 1452 3162 fratribus-

199 3192 337 3264 miliique:
361 3191 534 3246 sacrificium
558 3190 586 3244 iu
610 3189 671 3246 iaco
694 3192 830 3266 domoque
1215 3186 1275 3266 ique
1297 3188 1454 3246 Arvalibus

1216 3275 1254 3281 —-.
1263 3274 1367 3281 —.-..--

198 3290 231 3348 C.
257 3290 394 3348 Caesaris
418 3292 544 3366 Augusti
569 3289 738 3348 Germanici
758 3296 889 3367 magistri
911 3297 962 3349 erit
984 3334 991 3349 .
1017 3336 1023 3348 .
1047 3337 1053 3348 .
1077 3334 1083 3348 .

703 3561 730 3597 a.
754 3540 885 3598 38-41.

866 3949 1019 4004 immolauit

493 4050 552 4106 Iovi
577 4051 669 4106 bouem
690 4069 803 4119 marera,
827 4051 930 4106 Iunoni
950 4068 1075 4118 naccam,

490 4153 638 4208 Minervae
658 4170 781 4213 raccant,
805 4149 902 4209 Saluti
920 4151 1052 4224 publicae
1070 4149 1113 4224 (i)

492 4273 621 4319 vaccam,
643 4253 789 4310 Felicitati
804 4252 844 4326 (i)
868 4272 933 4310 nao-

492 4376 565 4425 cam,
587 4358 672 4431 genia
696 4359 785 4429 ipsias
809 4365 930 4423 taurona,
953 4363 978 4411 et

491 4468 559 4514 aute
582 4457 720 4531 templum
742 4459 800 4513 diui
822 4457 944 4530 Aayusti
964 4476 1065 4513 aonam

489 4559 574 4614 divae
597 4558 747 4615 Drusillae
769 4561 861 4614 sorori
886 4556 1049 4615 Germanici
1070 4558 1144 4630 Arra.

493 4680 621 4727 vaccum,
645 4665 704 4717 item
728 4663 755 4716 ia
780 4661 842 4716 luco
864 4660 931 4717 deae

493 4762 567 4818 Diae
591 4804 782 4818 .......

179 4899 308 4953 Primum
335 4900 361 4952 iu
388 4900 483 4972 lupide
508 4900 553 4954 liic
569 4901 711 4955 habemus
723 4897 821 4954 Divae
839 4896 989 4953 Drusillae
1004 4918 1123 4954 nomen:
1148 4898 1222 4953 nuel·¹
1240 4900 1297 4953 iam
1314 4898 1455 4954 tolluntur

137 5001 337 5055 dubitationes
360 5020 434 5072 {runs
459 5002 550 5057 inavit
573 5000 791 5057 Hirselil'cldins
815 4998 925 5055 Wiener
947 4999 1063 5056 Stvtdien
1093 5003 1162 5055 last
1193 5021 1217 5072 p.
1237 4999 1305 5055 267.
1349 4998 1454 5072 Neque

138 5116 232 5158 tannen
264 5123 327 5156 «uun
357 5103 547 5159 Gurnnrriuio
576 5104 630 5158 lino
660 5103 853 5177 fragmentum
885 5100 919 5154 ad
949 5099 1046 5156 Divae
1076 5101 1228 5157 Drusillae
1258 5100 1382 5156 natalem
1417 5102 1453 5156 ab

138 5205 296 5260 Arv'iililrus
321 5205 498 5261 celebratum
524 5204 705 5261 referendum
729 5222 794 5259 iesse
818 5202 1037 5259 affirmaverim.

180 5323 361 5379 lirusumns
384 5341 486 5380 nmen.
516 5341 585 5379 von.
600 5323 682 5380 VIII.
1191 5321 1226 5378 ·21
