3472 5828
540 545 747 596 cosvunrvs
775 548 999 598 maranensis
1348 530 1417 603 381

108 733 245 806 sequitur
268 732 375 791 deinde
397 734 478 792 idem
500 733 690 812 epigramma,
715 735 767 792 sed
788 735 925 794 versibus
947 736 1033 796 aliter
1055 737 1168 797 divisis.
1214 737 1350 799 'litulum
1366 741 1424 799 Ca-

110 844 249 913 penatem
271 843 339 913 post
368 841 504 897 auctores
531 838 643 897 saeculi
664 840 736 896 XVI
758 837 833 897 vidit
855 847 885 898 et
913 840 1069 917 descripsit
1090 841 1244 918 Eugenius
1272 845 1424 903 Bormann

108 943 141 998 C.
166 943 211 1000 XI
234 943 326 1018 3963,
351 942 431 1000 unde
453 949 522 1019 post
543 942 701 1001 Pithoeum
719 944 925 1003 Burmannum
939 945 1095 1020 Meyerum
1116 945 1195 1006 inter
1217 947 1349 1007 carmina
1371 968 1425 1007 sua

107 1045 298 1122 epigraphica
324 1042 530 1127 (Lips1895)
553 1047 665 1125 recepit
685 1048 886 1107 Buechelerus
908 1045 1035 1129 (1591).
1080 1051 1240 1128 Exemplar
1261 1051 1425 1128 ilipulense

107 1149 265 1225 antiquum
288 1158 319 1209 et
340 1152 505 1227 genuinum
528 1172 593 1211 esse
618 1152 703 1210 nulla
731 1152 879 1211 dubitatio
907 1161 967 1231 est,
998 1156 1050 1213 sed
1078 1162 1199 1232 propter
1227 1157 1354 1215 formam
1380 1163 1426 1214 ta-

107 1255 204 1313 bellae
224 1268 254 1313 et
267 1255 435 1315 litterarum
451 1277 467 1314 e
483 1258 603 1333 Capena
617 1256 720 1315 Italiae
743 1277 778 1315 eo
802 1259 933 1316 delatum
955 1258 1132 1317 crediderim
1153 1280 1171 1318 a
1194 1260 1280 1318 docto
1296 1261 1425 1335 quodam

107 1359 338 1433 peregrinatore.
389 1360 500 1419 Mirum
533 1380 604 1419 sane
636 1361 662 1419 si
694 1361 727 1418 in
756 1362 902 1420 Fabatum
933 1362 1067 1439 alterum,
1100 1384 1118 1421 a
1145 1362 1239 1422 Iuliae
1266 1364 1425 1422 Marcellae

108 1461 192 1521 illius
213 1464 321 1522 marito
337 1465 495 1544 diversum,
512 1465 621 1524 iterum
636 1464 803 1524 adhibitum
819 1473 898 1524 esset
912 1486 949 1524 ex
965 1467 1078 1542 sylloge
1095 1466 1197 1543 aliqua
1211 1469 1423 1546 exemplorum,

109 1567 248 1642 qualibus
270 1568 414 1644 lapicidas
436 1589 509 1628 usos
531 1590 595 1630 esso
618 1569 739 1647 saepius
769 1571 959 1629 observatum
989 1579 1048 1646 est3
1078 1572 1174 1630 veluti
1202 1573 1239 1630 ab
1266 1573 1425 1631 Bdmundo

109 1673 152 1728 Le
176 1672 273 1731 Blant.
318 1674 343 1729 Ε
366 1675 442 1731 Caro
466 1673 622 1751 exscripsit
643 1675 817 1750 Mayansius
840 1682 870 1733 et
891 1674 974 1733 misit
994 1676 1082 1733 Petro
1105 1676 1277 1735 Burmanno
1299 1677 1424 1735 Anthol.

110 1783 168 1834 vet.
193 1776 285 1852 epigr.
310 1776 407 1835 Latin.
433 1774 663 1857 v01.11(1773)
686 1799 714 1855 p.
733 1780 814 1857 XIV,
838 1778 890 1854 qui
914 1779 1085 1855 exemplum
1106 1780 1164 1837 hoc
1187 1800 1223 1839 ex
1245 1779 1350 1839 Italico
1374 1781 1426 1837 de-

111 1879 255 1955 scriptum
277 1880 394 1958 putavit
416 1877 453 1962 (v.
478 1902 569 1959 supra
590 1901 618 1958 p.
642 1877 724 1962 352).
763 1882 897 1942 Titulum
920 1903 1076 1942 enumero
1092 1882 1426 1959 cryptochristianorum

113 2004 178 2042 esse
201 1985 369 2044 observavit
390 1986 576 2045 Hirschfeld.

379 2214 432 2271 III.
478 2214 757 2271 AEBIFODINAE
778 2213 855 2271 RIO
881 2212 1008 2272 YINTO
1029 2234 1057 2289 p.
1084 2216 1155 2273 834.

198 2336 231 2391 ln
255 2331 430 2392 aerifodinis
453 2334 586 2411 vetustis,
611 2354 687 2408 quae
707 2354 788 2392 nunc
803 2344 979 2393 exercentur
994 2356 1012 2393 a
1027 2334 1167 2393 societate
1182 2334 1363 2412 Britannice,
1379 2355 1427 2393 res

111 2437 250 2511 antiquas
272 2437 381 2495 multas
403 2437 522 2514 prodire
544 2445 661 2513 praeter
683 2437 771 2515 alios,
804 2457 883 2515 quos
902 2446 990 2497 antea
1012 2438 1072 2497 iam
1095 2438 1257 2497 memoravi
1279 2434 1308 2518 (l.
1332 2458 1355 2497 s.
1380 2435 1425 2518 a),

110 2541 195 2599 testis
217 2541 291 2599 mihi
314 2549 359 2599 est
380 2541 583 2619 peregrinator
605 2541 767 2601 Britannus
789 2543 947 2602 Eduardus
969 2546 998 2601 S.
1016 2544 1169 2622 Dodgson,
1192 2543 1242 2602 cui
1257 2544 1350 2603 debeo
1373 2544 1428 2603 ob-

112 2644 295 2703 servationes
317 2646 353 2702 de
375 2645 549 2721 regionibus
572 2645 634 2704 illis
656 2646 767 2704 multas
794 2653 824 2704 et
845 2646 944 2705 utiles.
995 2649 1024 2705 ls
1046 2647 1123 2706 vidit
1144 2647 1176 2705 in
1198 2648 1263 2707 vico
1286 2647 1428 2707 serilodi-

114 2769 220 2807 narum
242 2749 370 2827 illarum,
396 2749 505 2823 quibus
523 2751 644 2809 Tharais
666 2771 776 2810 nomen
798 2751 1034 2810 vetustissimum
1050 2759 1080 2810 et
1101 2771 1196 2827 paene
1218 2753 1388 2811 fabulosum
1411 2774 1427 2811 e

112 2853 259 2929 scriptura
281 2875 363 2911 sacra
385 2875 481 2930 nuper
502 2853 631 2913 inditum
653 2863 713 2932 est,
741 2857 941 2929 fragmentum
964 2856 1045 2930 quod
1070 2855 1149 2914 inira
1175 2855 1264 2932 posui
1286 2855 1369 2914 tituli
1395 2863 1429 2914 ut

111 2957 229 3015 videtur
251 2959 424 3033 sepulcralis
447 2979 508 3016 non
531 2959 604 3017 satis
626 2958 823 3036 perspicuum.
870 2959 951 3017 Illud
973 2966 1088 3018 tantum
1114 2958 1308 3037 intellegitur,
1331 2959 1430 3017 homi·

110 3081 179 3119 nem
202 3084 272 3121 eum
295 3062 380 3120 cuius
403 3062 576 3120 memoriam
599 3064 740 3141 continet,
765 3070 799 3121 ut
813 3064 984 3122 Reburrum
999 3063 1085 3121 illum
1100 3061 1249 3120 Limicum
1264 3058 1304 3141 (n.
1324 3060 1427 3141 5353),

110 3166 143 3225 in
165 3168 218 3224 hes
240 3168 377 3241 regiones
399 3168 570 3242 pervenisse
594 3187 610 3223 e
632 3166 795 3242 Callaecia,
822 3167 867 3225 ibi
890 3167 971 3225 enim
994 3168 1134 3226 Camalus
1156 3186 1266 3225 nomen
1288 3168 1429 3241 frequen-

111 3269 261 3329 tissimum
286 3279 340 3329 est.
1163 3272 1165 3277 ’

111 3457 152 3523 81
182 3463 317 3539 Tharais,
347 3463 428 3538 apud
456 3462 538 3520 Guil.
561 3463 746 3520 Rutherford
767 3460 959 3541 Britannum,
984 3462 1159 3521 directorem
1186 3461 1427 3540 aerifodinarum,

155 3568 265 3625 tabella
289 3589 325 3624 ex
349 3566 455 3641 argilla
478 3568 563 3642 facta,
588 3565 697 3624 litteris
719 3565 891 3641 gracilibus.

116 4248 148 4303 Ε.
174 4248 202 4302 S.
227 4244 371 4317 Dodgson
400 4242 483 4301 misit
510 4261 548 4299 m.
580 4243 663 4300 Febr.
691 4263 717 4300 a.
751 4243 830 4299 1894
866 4262 883 4298 a
914 4261 945 4298 se
979 4241 1175 4318 descriptam;
1211 4249 1350 4318 ectypum
1381 4242 1430 4300 vel

115 4349 277 4425 imaginem
299 4348 535 4423 photographam
558 4346 692 4404 obtinere
714 4347 850 4404 noudum
873 4345 967 4421 potui.

160 4457 195 4512 V.
221 4457 238 4509 3
262 4453 400 4510 videntur
422 4452 524 4527 potius
548 4452 640 4509 fuisse
663 4466 816 4526 r·rs·s·e;
840 4469 910 4507 nam
934 4468 970 4508 ar
992 4451 1091 4525 potuit
1112 4451 1173 4525 legi
1194 4470 1248 4526 pro
1272 4468 1302 4509 Η.
1348 4450 1431 4513 Quid

116 4579 144 4616 v.
163 4562 180 4615 4
197 4560 288 4615 lateat
310 4577 370 4613 uon
393 4556 557 4632 perspicio,
583 4575 651 4613 nam
675 4553 723 4613 vix
747 4554 938 4629 cogitandum
960 4574 1015 4612 nec
1038 4556 1074 4612 de
1090 4550 1130 4632 [irs
1150 4550 1213 4632 ho]e
1228 4550 1354 4634 tu[mulc]
1370 4557 1430 4612 sor-

117 4663 198 4720 mula
220 4663 395 4738 plerumque
419 4661 581 4719 christiana
603 4680 658 4718 nec
682 4662 717 4717 de
741 4668 767 4716 et
789 4666 818 4716 tu
840 4660 887 4717 vel
910 4658 1067 4734 similibus,
1092 4679 1167 4733 quae
1190 4679 1208 4715 a
1231 4659 1326 4716 titulis
1348 4657 1430 4716 hisce

118 4767 326 4826 semibarbaris
350 4766 446 4825 aliena
470 4775 548 4824 sunt.

199 4900 227 4905 .-.
263 4900 375 4905 .-—-..
438 4898 595 4904 .-——-—
614 4897 633 4903 .-
666 4896 779 4903 .uu-...—
805 4895 928 4902 ——-—..
951 4896 1033 4901 .—...
1080 4896 1084 4901 .

199 4911 423 4917 ——.-——--—·...
685 4907 1038 4915 .-—---·-.——--———-
1070 4907 1077 4913 -

526 4994 564 5052 v.
608 4990 874 5050 rsarosaroa
896 5010 924 5067 p.
951 4991 1022 5049 aas.

204 5118 229 5173 E
256 5116 317 5173 situ
345 5114 450 5192 oppidi
477 5112 606 5173 alicuius
633 5110 759 5193 remoti,
787 5130 880 5189 quarn
906 5110 1013 5171 Volero
1034 5111 1064 5169 ta
1084 5110 1157 5186 oio'a
1178 5108 1284 5167 dicunt
1304 5107 1430 5186 incolae,

120 5243 211 5299 prope
244 5222 377 5294 Frojmaz
402 5221 435 5278 de
464 5220 493 5278 lc
520 5218 620 5278 tarra
646 5250 691 5263 -
719 5216 877 5279 videbatur
903 5222 1004 5275 sutem
1032 5215 1110 5275 situs
1139 5234 1204 5273 esse
1233 5212 1432 5289 Nertobrigae
