3472 5828
293 539 364 609 346
806 557 1077 611 11111111111

474 661 783 670 .-------

290 733 409 808 dignum
432 750 500 792 asse
522 750 638 790 censeo.
676 730 832 806 Quodnam
850 752 920 789 vero
940 733 1104 790 aediticium
1126 750 1162 790 eo
1183 739 1433 807 repraesentatum
1449 732 1497 797 sit,
1520 749 1609 806 quae·

291 837 391 892 rimus.
437 835 484 893 De
506 836 662 910 tetrastylo
684 836 826 910 cogitavit
841 836 976 905 Abekcn,
999 834 1035 890 de
1050 832 1196 892 Caesareo
1217 833 1433 900 Melchiorrius‚
1457 844 1609 907 utrumque

291 938 319 993 in
343 937 439 994 medio
461 937 601 1010 relinquit
624 936 660 993 de
674 936 763 993 Rossi
787 936 911 1011 (Annali
931 936 1006 995 1858
1030 956 1056 1012 p.
1074 935 1138 1009 58).
1179 935 1383 1010 Tetrastylum
1407 953 1479 992 sane
1502 937 1609 1009 inquo

290 1039 442 1096 duodecim
471 1039 597 1096 Arvales
623 1039 813 1115 epularentur
834 1038 999 1096 aedificium
1027 1038 1191 1112 spatiosum
1218 1047 1246 1094 et
1273 1038 1401 1112 amplum
1430 1037 1522 1095 luisse
1548 1054 1610 1093 are-

291 1140 417 1197 dendum
441 1151 498 1198 est:
528 1137 676 1198 Caesareo
700 1141 763 1197 sive
790 1140 880 1197 heroo
907 1140 1109 1197 defunctorum
1139 1140 1348 1213 imperatorum
1379 1139 1497 1195 minime
1522 1148 1609 1212 aptae

291 1252 359 1299 sunt
381 1242 584 1317 inscriptiones
608 1243 648 1299 ita
671 1250 830 1316 conceptae
858 1251 890 1298 ut
912 1242 988 1300 vivis
1015 1241 1167 1298 dedicatae
1190 1242 1358 1307 videantur,
1388 1240 1514 1297 fortasse
1543 1250 1610 1314 post

290 1345 515 1420 cooptationem.
566 1340 696 1400 Omnino
719 1343 746 1399 id
771 1343 928 1402 tenendum
952 1353 1005 1414 est,
1029 1342 1192 1401 aediculam
1217 1344 1364 1418 pertinere
1386 1341 1422 1398 ad
1446 1342 1610 1399 novissima

290 1446 406 1522 collegii
431 1445 612 1519 tempora¹)‚
635 1456 663 1502 et
686 1446 823 1516 fortusse,
846 1446 992 1520 siquidem
1015 1465 1052 1503 ex
1077 1446 1187 1503 ultimis
1211 1446 1308 1502 verbis
1332 1444 1443 1501 Perutii
1464 1452 1610 1501 restauru-

290 1560 345 1606 tum
370 1550 407 1605 ul
428 1547 595 1623 Antoni[n]o
622 1548 820 1604 coniecturam
848 1566 953 1621 capere
982 1548 1061 1614 licet,
1089 1566 1107 1604 a
1134 1545 1288 1606 Gordiano
1314 1548 1479 1604 restitutam
1508 1545 1609 1602 luisse.

290 1654 388 1726 Atque
410 1652 551 1708 hactenus
572 1650 690 1724 quidem
714 1649 751 1705 de
772 1649 913 1707 aedicula.

372 1752 432 1809 lam
456 1764 640 1809 transeamus
664 1751 759 1809 adea
781 1751 914 1809 aedificia
935 1769 1012 1825 quae
1039 1752 1114 1808 inter
1138 1753 1214 1809 viam
1238 1749 1421 1827 Campanam
1449 1760 1478 1807 et
1505 1749 1609 1805 collem

289 1855 348 1910 sita
369 1869 461 1911 erant.
504 1857 549 1911 Ac
573 1873 665 1928 pauca
686 1853 803 1928 quidem
828 1852 989 1926 praefanda
1011 1864 1079 1910 suot
1101 1854 1137 1912 de
1160 1854 1245 1912 titulo
1266 1872 1352 1928 quem
1375 1852 1413 1908 ad
1429 1848 1609 1909 Caesareum

290 1957 466 2031 pertinuisse
488 1957 614 2013 coniecit
635 1954 805 2012 Henzcnus.
850 1954 884 2011 In
909 1966 992 2030 parte
1014 1956 1149 2013 orientali
1173 1955 1299 2013 aedilicii
1322 1953 1451 2020 rotundi,
1473 1972 1538 2011 cum
1562 1970 1609 2009 so·

289 2058 348 2116 lum
379 2058 589 2115 effossionibus
619 2064 791 2132 temptatum
822 2066 868 2114 est
897 2075 922 2113 a.
949 2056 1024 2113 1867
1054 2058 1206 2133 apparuit,
1241 2069 1271 2114 ut
1300 2066 1425 2114 testatur
1451 2053 1609 2112 Henzenus

290 2180 316 2235 p.
334 2159 393 2218 XV
415 2156 523 2218 ‘moles
547 2159 636 2235 plana
657 2159 756 2232 operis
781 2162 886 2216 vetusti
913 2178 950 2215 ex
973 2159 1054 2216 calce
1080 2172 1109 2216 et
1137 2159 1228 2235 topho
1255 2159 1433 2234 composita3
1460 2167 1488 2212 et
1519 2175 1610 2232 prope

289 2281 354 2319 cam
377 2281 451 2319 saxa
474 2279 579 2336 magna
607 2278 771 2318 marmorea
797 2260 907 2317 effossa
934 2271 1017 2331 sunt,
1045 2260 1106 2317 alia
1130 2260 1231 2330 rudia,
1258 2261 1319 2318 alia
1345 2259 1455 2318 affabre
1483 2258 1608 2333 sculpta,

289 2365 364 2420 inter
386 2382 461 2438 quac
482 2364 647 2439 fragmenta
669 2363 814 2437 quaedam
838 2363 973 2420 iacebant
993 2372 1156 2421 statuarum
1172 2373 1202 2420 et
1217 2363 1453 2438 anaglyphorum
1470 2360 1609 2419 frustula-

289 2485 345 2540 que
368 2465 511 2523 nonnulla
533 2475 665 2521 actorum
687 2459 863 2521 Arvalium’.
914 2463 1092 2540 Fragmenta
1120 2465 1200 2522 edita
1227 2466 1264 2522 ab
1286 2464 1429 2522 Henzeno
1455 2462 1609 2538 (relatione

289 2587 317 2644 p.
334 2567 394 2638 Xl,
425 2564 818 2643 Acrap.xx11.xxl11;
845 2584 864 2623 a
885 2563 1005 2624 0.1.L.
1030 2565 1149 2623 vol.VI
1170 2567 1269 2641 abest)
1299 2577 1403 2641 postea
1425 2565 1452 2621 in
1476 2582 1607 2622 museum

289 2669 433 2728 translata
459 2678 487 2724 et
513 2668 621 2725 rectius
647 2668 812 2742 composita
844 2679 926 2738 sunt,
958 2677 1138 2743 quapropter
1170 2669 1217 2726 hic
1250 2677 1351 2743 repeto
1384 2668 1536 2724 lectionem
1571 2664 1608 2722 ad

288 2781 424 2847 ectypum
447 2770 603 2828 collatam:

440 2831 843 2997 MlAbE-lvstti
761 2853 860 3103 ivs]
1200 2949 1457 2998 1111111101εὸ

781 3047 806 3103 R

982 3303 1057 3434 ug,
1379 3297 1440 3343 011

369 3499 459 3556 Recte
482 3498 600 3576 negavit
618 3498 789 3568 Honestius,
813 3500 978 3575 fragmenta
1001 3499 1042 3556 ita
1064 3500 1203 3573 coniungi
1224 3518 1312 3573 posse
1334 3512 1364 3556 ut
1384 3514 1493 3556 sauses
1514 3518 1607 3556 amares

746 3047 766 3104 F
1379 3059 1459 3108 0115

444 3196 500 3247 (···
521 3203 553 3235 ¹1¹·
572 3187 631 3234 1.40
651 3195 690 3248 ·->
792 3077 847 3216 s
950 3121 1101 3451 RQ
1378 3185 1458 3234 0175

287 3600 354 3658 inde
382 3602 538 3659 efficiatur:
569 3620 626 3658 non
655 3601 750 3657 solum
778 3611 916 3676 punctum
944 3602 1020 3658 inter
1047 3617 1060 3659 s
1087 3615 1116 3658 et
1141 3620 1159 3657 a
1186 3601 1339 3670 deficiens,
1370 3602 1422 3658 sed
1445 3601 1608 3659 litterarum

287 3703 458 3780 magnitudo
480 3721 552 3760 sane
574 3703 692 3759 diversa
715 3703 836 3777 impedit
858 3705 1015 3777 quominus
1038 3703 1074 3759 ad
1099 3723 1185 3760 unum
1210 3721 1325 3760 versum
1349 3705 1529 3778 pertinuisse
1543 3724 1605 3762 cre-

286 3805 399 3862 damus.
437 3804 588 3862 Tenemus
611 3805 700 3879 igitur
724 3805 864 3879 reliquias
887 3804 964 3862 tituli
989 3806 1097 3880 magni,
1120 3807 1255 3862 versibus
1279 3823 1335 3861 non
1358 3806 1453 3864 minus
1468 3816 1607 3881 quattuor

286 3907 456 3983 conscripti,
479 3907 593 3965 exarati
618 3927 676 3964 non
700 3908 729 3962 in
750 3906 849 3982 lapide
865 3927 933 3976 unu,
956 3906 1008 3962 sed
1025 3907 1157 3964 duobus:
1182 3926 1249 3964 uam
1265 3926 1355 3984 supra
1370 3907 1482 3964 Valerii
1500 3926 1605 3964 nomen

285 4019 315 4066 et
336 4009 411 4065 inira
433 4009 547 4066 litteras
570 4025 625 4066 111
648 4009 740 4065 sectio
764 4008 872 4081 lapidis
894 4010 1017 4083 antiqua
1038 4028 1132 4085 eaque
1156 4009 1245 4084 plana
1266 4020 1358 4067 extat.
1403 4010 1441 4066 Μ.
1456 4009 1606 4067 Valerium

285 4110 454 4167 'Prclticium
483 4111 641 4167 Decianum
664 4111 714 4185 qui
742 4110 772 4166 in
800 4110 874 4166 actis
901 4111 1007 4167 aetatis
1029 4110 1177 4168 Traianae
1205 4113 1325 4188 saepius
1352 4121 1605 4180 commemoratur,

364 4304 385 4366 ¹)
412 4305 442 4352 ld
467 4304 593 4353 effecerim
617 4320 649 4353 ex
673 4305 738 4353 serie
761 4305 956 4367 imperatorum,
981 4320 1046 4369 quae
1071 4307 1096 4353 in
1122 4320 1151 4355 ea
1175 4307 1306 4369 proposita
1330 4313 1413 4366 erant3
1441 4306 1538 4354 scilicet
1561 4307 1605 4354 ad·

285 4407 343 4444 111111
362 4398 508 4445 Hadrianus
528 4395 566 4455 (C.
579 4397 600 4445 1.
611 4397 640 4445 L.
662 4397 708 4455 Vl,
729 4395 801 4457 968),
824 4398 970 4446 Antoninus
992 4397 1053 4446 Pius
1073 4398 1116 4457 (ib.
1142 4399 1229 4459 1000),
1249 4398 1285 4446 tl,
1306 4398 1427 4447 Aurelius
1447 4398 1492 4460 (ib.
1517 4399 1605 4458 1012),

285 4489 313 4536 L.
335 4490 416 4538 Verus
440 4489 484 4549 (ib.
509 4489 597 4548 1021),
623 4490 770 4537 Antoninus
789 4490 877 4539 Seueri
898 4489 916 4536 l.
937 4489 980 4548 (ib.
1003 4488 1096 4550 1053),
1122 4489 1269 4539 Gordianus
1288 4490 1333 4550 (ib.
1357 4491 1449 4550 1093):
1473 4490 1564 4553 quibus
1584 4492 1605 4538 si

285 4581 414 4630 addideris
434 4581 603 4630 Commodum
619 4581 778 4630 Pertinacem
800 4581 986 4641 Alexandrum,
1007 4581 1085 4630 habes
1105 4597 1237 4632 numerum
1257 4584 1383 4645 integrum
1402 4597 1491 4631 eorum
1511 4584 1554 4646 qui
1573 4583 1605 4631 ab

285 4674 417 4722 Hadriano
437 4673 470 4721 ad
490 4674 667 4722 Alexandrum
688 4688 792 4735 regnum
811 4673 976 4722 obtinuerunt
994 4681 1019 4722 et
1042 4689 1150 4738 quorum
1174 4676 1298 4724 memoria
1321 4682 1379 4739 post
1401 4682 1509 4724 mortem
1534 4677 1605 4725 dam·

285 4772 347 4815 nata
372 4781 422 4814 non
447 4774 492 4814 est.
531 4766 648 4815 Ceterum
674 4767 746 4814 bases
771 4780 860 4814 norem
882 4767 943 4814 locis
963 4767 1074 4829 antiquis
1094 4767 1148 4815 risa
1167 4781 1222 4815 esse
1241 4782 1256 4814 a
1276 4767 1379 4817 Perutio
1398 4776 1533 4816 auctorare
1552 4769 1606 4816 eiua

285 4873 336 4907 nun
366 4873 412 4921 pro
440 4866 508 4906 certo
537 4858 718 4906 affirmaverim
744 4865 848 4920 propter
874 4859 991 4920 spatium.
1039 4859 1120 4908 Unica
1143 4874 1208 4923 quae
1233 4867 1347 4923 superest
1371 4859 1439 4907 basis
1464 4858 1501 4921 (n.
1522 4862 1603 4915 1012;

284 4966 352 4999 nunc
370 4952 397 4998 in
418 4965 505 4998 musco
520 4951 655 5011 Vaticano,
678 4948 802 4998 Gr'nrdr'no
816 4948 884 4997 della
898 4947 992 5013 Pipna)
1014 4951 1064 4998 ima
1084 4959 1155 5013 parte
1169 4951 1220 5000 lata
1233 4960 1271 5000 est
1290 4967 1323 4999 m.
1338 4950 1413 5000 0891
1439 4951 1509 5000 linea
1527 4967 1605 5001 iturea

284 5043 380 5106 apsidis
400 5052 535 5091 metrorum
558 5045 590 5089 10
616 5058 760 5091 mensuram
783 5044 922 5090 excessisse
948 5059 998 5091 nou
1020 5043 1126 5092 videtur.
1170 5043 1268 5092 Novem
1289 5044 1415 5092 eiusmodi
1436 5043 1509 5092 bases
1529 5045 1606 5106 igitur

285 5136 320 5182 ita
344 5144 440 5183 tantum
465 5136 490 5182 in
515 5150 545 5182 ea
571 5136 678 5198 proponi
705 5145 823 5197 possunt,
849 5143 875 5182 nt
900 5136 979 5183 altera
1004 5135 1077 5183 alteri
1097 5137 1169 5198 quasi
1195 5137 1313 5199 contigua
1337 5137 1382 5184 ait:
1408 5137 1434 5184 id
1453 5136 1522 5198 quod
1543 5149 1604 5185 sane

285 5227 451 5275 offensionem
472 5227 556 5275 habet.
