3472 5828
329 574 401 642 306

944 593 1041 643 ΑΟΤΑ

370 762 482 822 Consul
510 788 536 822 a.
555 764 611 821 723
636 765 697 823 sine
724 765 814 823 dubio
837 767 863 823 is
886 766 948 838 ipse
971 776 1029 831 est,
1057 766 1107 840 qui
1131 766 1159 820 in
1184 766 1259 821 actis
1282 785 1307 821 a.
1325 785 1353 840 p.
1370 764 1440 823 Chr.
1462 766 1504 821 14
1527 766 1654 839 prinmm

370 867 466 924 locum
496 877 576 925 tenet
601 876 669 923 ante
697 866 732 923 L.
763 867 924 924 Domitium
957 868 1187 924 Ahenobarbum
1215 884 1278 923 iios.
1306 886 1333 921 u.
1350 867 1425 935 738,
1456 885 1548 941 neque
1576 866 1656 923 dilli-

370 969 507 1026 cultatem
530 970 601 1026 sacit
623 969 702 1042 quod
726 970 829 1026 statuit
844 968 924 1026 Hula
945 968 1068 1025 eundern
1094 969 1265 1043 magistrum
1289 969 1404 1043 collegii
1421 969 1514 1025 luisse
1537 988 1564 1024 a.
1582 969 1654 1023 734.

370 1071 427 1127 Sed
451 1071 475 1125 si
499 1078 565 1128 acta
587 1079 658 1127 sunt
678 1074 746 1127 aurii
771 1070 825 1127 28.
848 1090 884 1125 eo
907 1071 1108 1145 magisterium
1132 1071 1264 1128 dicemus
1292 1071 1461 1145 suscepisse
1484 1067 1539 1127 Cn.
1565 1070 1655 1126 l'om·

370 1173 465 1247 peiunr
488 1190 629 1249 augurem
650 1173 794 1230 adlectum
818 1194 844 1228 a.
866 1175 901 1228 lt
925 1181 954 1229 et
977 1173 1159 1229 nominatum
1181 1172 1269 1229 etiam
1293 1173 1321 1228 in
1345 1172 1420 1228 actis
1443 1192 1469 1227 a.
1487 1172 1536 1229 20.
1572 1170 1653 1227 Nam

371 1286 453 1347 pater
481 1294 547 1332 cum
576 1277 743 1350 ignoretur,
772 1284 870 1351 potest
894 1275 987 1332 fuisse
1014 1287 1043 1329 et
1069 1274 1133 1350 ipse
1161 1273 1266 1348 Quinti
1288 1274 1383 1344 lilius,
1410 1273 1531 1347 auguris
1554 1282 1653 1330 autem

370 1376 644 1435 determinationem
666 1398 732 1435 eum
756 1376 930 1453 deposuisse
953 1376 1092 1433 defuncto
1109 1377 1172 1432 viro
1194 1376 1369 1451 cognomine
1392 1376 1536 1432 rationem
1553 1375 1653 1431 babet.

373 1478 477 1552 ltaque
499 1498 564 1535 cum
582 1489 704 1553 utraque
728 1480 875 1535 sententia
890 1476 945 1536 Cn.
963 1477 1085 1553 Pompei
1109 1475 1146 1550 Q.
1163 1478 1183 1535 f.
1208 1477 1318 1534 mentio
1334 1488 1412 1535 recte
1434 1476 1653 1535 conciliabitur.

737 1646 743 1655 ι

405 1682 577 1757 [Mlesscllc
603 1684 742 1741 Coruinus
766 1682 807 1755 (r.
830 1682 889 1755 tl).

370 1782 526 1842 Oratorem
550 1786 701 1841 carmulam
725 1782 823 1841 attat
843 1809 877 1831 =
897 1784 930 1839 31
952 1803 976 1839 a.
995 1781 1064 1841 Chr.
1086 1804 1151 1840 cum
1175 1784 1319 1860 intellegit
1342 1783 1437 1853 Hula,
1465 1796 1557 1843 errat.
1585 1803 1654 1840 nam

371 1886 412 1941 ita
434 1886 473 1941 M.
492 1884 624 1944 Cornuto
647 1900 725 1943 certe
750 1887 898 1959 praetorio
922 1886 1033 1943 bomini
1056 1886 1222 1944 consularis
1244 1886 1431 1943 clarissimus
1454 1886 1654 1961 postponitur.

371 1986 551 2044 Prudentius
574 1988 661 2063 longe
684 1987 855 2045 Henaenius
878 2008 933 2043 aion
955 1998 1043 2058 resta,
1065 1990 1116 2057 ait,
1139 1989 1213 2045 altro
1235 1990 1284 2045 clia
1306 2008 1322 2045 o
1344 2007 1468 2064 pensare
1490 1988 1521 2044 cl
1542 1988 1657 2045 console

370 2088 440 2144 dell'
460 2108 535 2146 cario
560 2090 613 2159 20,
639 2098 821 2164 quantunque
847 2110 901 2146 non
925 2094 1004 2165 porti
1029 2090 1072 2147 na’
1092 2092 1168 2162 fasti
1188 2090 1210 2145 il
1231 2108 1361 2165 coqncmc
1382 2093 1414 2147 di
1439 2088 1574 2159 Coruino,
1604 2108 1655 2165 op·

369 2209 442 2263 pina
468 2196 651 2266 irruacqinare
676 2212 715 2247 un
741 2210 791 2247 suc
814 2192 935 2262 fratello
961 2192 1010 2249 clia
1036 2192 1121 2248 abdiu
1149 2202 1313 2249 conseruato
1345 2192 1410 2267 quel
1435 2210 1514 2248 ncnc
1540 2191 1657 2259 celebre,

371 2292 526 2367 firmatque
559 2306 638 2351 certe
676 2293 863 2367 aliquatenus
901 2294 1076 2350 senteutiam
1113 2292 1364 2363 Heu-aenianam,
1402 2293 1482 2368 quod
1516 2295 1544 2351 iu
1578 2294 1656 2351 actis

371 2414 396 2449 a.
415 2394 449 2451 21
481 2395 509 2450 in
538 2396 664 2470 collegio
694 2395 749 2451 luit
854 2395 964 2452 Mcsscl
1054 2396 1185 2470 quidam,
1212 2414 1297 2470 (quiem
1325 2396 1461 2471 quisquis
1489 2396 1544 2452 luit
1571 2396 1656 2468 (narn

372 2516 407 2552 ne
437 2497 491 2552 lrcc
518 2497 638 2571 quidem
668 2508 748 2555 certo
776 2508 899 2572 apparet
920 2508 1017 2554 utrum
1045 2498 1121 2554 iuter
1143 2497 1313 2554 consulares
1335 2497 1497 2555 collocetur
1519 2516 1555 2554 an
1579 2497 1657 2555 inter

372 2598 553 2673 praetorios)
582 2599 734 2674 probabile
763 2608 896 2656 estesse
920 2599 996 2655 hunc
1019 2600 1114 2674 ipsum
1138 2598 1311 2656 Messallam
1339 2596 1511 2656 Corvinum.
1555 2598 1656 2657 Minus

372 2712 457 2756 caute
487 2700 675 2775 reprehendit
703 2700 874 2757 Henzenum
904 2700 987 2757 Hula
1014 2711 1135 2776 propter
1161 2702 1358 2758 coniecturam
1393 2702 1531 2776 priorem.
1577 2700 1656 2759 Mes·

371 2800 447 2857 salla
475 2801 524 2857 hic
551 2801 640 2858 homo
666 2822 779 2877 pauper
806 2802 945 2875 (Tacitus
973 2822 1039 2858 anri.
1063 2802 1090 2873 3,
1112 2800 1144 2875 2)
1176 2820 1271 2875 neque
1298 2803 1358 2859 ullo
1384 2804 1502 2860 nomine
1530 2802 1657 2878 insignis

372 2920 429 2958 non
452 2904 620 2960 nominatur
642 2904 699 2960 nisi
721 2913 841 2979 propter
863 2905 1050 2962 consulatum
1073 2914 1101 2961 et
1125 2905 1166 2959 ita
1187 2904 1319 2977 quidem,
1345 2916 1377 2962 ut
1399 2905 1498 2962 missis
1521 2906 1657 2964 testimo·

371 3004 428 3060 niis
451 3022 528 3078 quae
552 3024 656 3062 nomen
681 3016 795 3080 ponunt
809 3016 862 3062 aut
883 3007 1045 3063 breviatum
1062 3018 1112 3062 aut
1136 3005 1283 3073 mutilum,
1306 3007 1394 3079 plena
1408 3026 1484 3081 quae
1499 3006 1658 3065 videantur

371 3107 490 3164 nomina
506 3106 633 3164 habeant
649 3107 783 3163 laterculi
799 3118 940 3181 quattuor
957 3107 1121 3177 Arvalium,
1138 3108 1181 3180 (p.
1195 3104 1353 3164 ccxciv
1366 3107 1516 3183 Henaeu):
1542 3108 1583 3164 M.
1597 3108 1656 3167 Va·

371 3209 457 3266 leriae
481 3208 682 3275 Messallinnsc
712 3209 830 3284 collegii
858 3210 1075 3284 sexprimorum
1104 3208 1213 3282 (Mina.
1238 3210 1286 3265 cles
1314 3211 1383 3265 riiru.
1406 3211 1537 3267 Instituts
1561 3210 1656 3268 vots

372 3330 398 3382 p.
417 3310 501 3384 159);
537 3310 576 3366 Μ.
611 3310 722 3367 Valerio
752 3312 934 3367 illessul...
965 3312 1103 3382 (alterum
1132 3329 1295 3386 cognomen
1327 3312 1423 3385 spatio
1453 3311 1656 3386 excluditur);

371 3408 510 3468 Ostiense
533 3410 789 3484 (O.X1V,·244):
818 3413 860 3468 M.
884 3413 1015 3469 Valerius
1031 3412 1188 3481 Masacllc3
1211 3411 1319 3469 Dionis
1342 3413 1378 3468 ad
1401 3414 1420 3469 l.
1437 3414 1489 3471 57:
1520 3418 1555 3468 Μ.
1579 3408 1657 3468 03«-

371 3502 457 3591 >lpot-
480 3518 517 3569 Μ.
540 3513 575 3569 υἱ.
599 3515 769 3573 alumnis.
813 3514 898 3571 Haec
922 3534 978 3570 uon
1002 3514 1167 3581 sufficiunt,
1192 3523 1222 3570 ut
1245 3526 1381 3587 nepotem
1406 3534 1546 3591 negemus
1571 3534 1656 3573 usum

371 3632 437 3672 esse
461 3616 507 3670 avi
531 3616 704 3689 cirgnonriue
727 3616 828 3673 alteru.
867 3616 924 3673 Sed
948 3618 1044 3673 obstat
1066 3616 1228 3672 sententiae
1253 3615 1319 3672 huic
1334 3615 1554 3677 Henzeuianae.
1576 3618 1655 3694 quod

371 3717 458 3773 etiarn
477 3719 636 3774 secundum
657 3738 721 3775 eam
742 3718 852 3775 homini
870 3720 1017 3792 praetorio
1031 3718 1175 3775 Messalla
1195 3719 1384 3793 postponitur
1401 3719 1515 3775 iuvenis
1536 3738 1609 3776 sane
1629 3732 1656 3777 et

373 3819 527 3891 ignobilis,
558 3820 609 3876 sed
639 3830 735 3876 tamen
763 3820 939 3878 consularis.
991 3820 1086 3891 Quam
1117 3820 1154 3875 ob
1184 3838 1243 3877 rem
1275 3821 1369 3894 inagis
1400 3821 1496 3895 placet
1522 3821 1655 3878 lleuzeni

372 3922 519 3976 sententia
541 3921 636 3977 altera
656 3922 799 3978 nominari
817 3922 873 3977 boc
889 3922 955 3979 loco
971 3940 1065 3995 neque
1081 3921 1232 3978 consulem
1257 3942 1282 3978 a.
1300 3920 1359 3978 723
1383 3941 1477 3996 neque
1492 3924 1541 3997 qui
1559 3924 1656 3981 fasces

371 4023 467 4096 gessit
490 4042 516 4080 a.
533 4023 582 4085 20,
606 4024 657 4078 sed
675 4025 791 4079 tertium
816 4024 961 4097 quendam
984 4025 1086 4099 stirpis
1109 4022 1241 4080 eiusdem
1266 4036 1420 4096 praeterea
1442 4025 1584 4100 ignotum.
1623 4026 1656 4083 ld

373 4134 402 4178 ut
430 4135 526 4179 aetate
550 4128 686 4201 Augusta
710 4126 759 4180 vix
790 4125 904 4181 admitti
934 4127 1040 4199 poterit
1067 4127 1095 4182 in
1119 4144 1234 4182 sunnnc
1257 4136 1316 4180 tuin
1341 4125 1443 4199 stirpis
1467 4127 1530 4182 eius
1556 4126 1656 4202 splen·

370 4226 456 4291 dore,
486 4246 551 4282 curn
580 4228 762 4299 posteriores
790 4227 919 4283 cratoris
946 4247 1011 4283 cum
1040 4236 1213 4303 paupertate
1237 4227 1397 4283 viderimus
1427 4228 1555 4285 luctatos
1578 4246 1657 4295 esse,

373 4326 428 4383 sub
451 4325 574 4384 Tiberio
597 4329 801 4386 difficultatem
824 4347 882 4385 non
907 4328 984 4385 facit.

455 4427 501 4484 Ec
524 4429 612 4503 igitur
633 4431 750 4488 deducti
774 4450 888 4500 eunius,
913 4440 943 4488 ut
964 4451 1030 4488 curn
1054 4432 1146 4488 multa
1169 4432 1307 4507 ambigua
1328 4432 1386 4488 sint
1408 4431 1572 4506 eodemque
1595 4433 1658 4489 iure

370 4529 405 4585 ad
431 4541 585 4605 utrumque
607 4551 715 4588 auritum
741 4533 840 4588 referri
866 4534 990 4607 possint,
1014 4533 1050 4588 de
1073 4531 1128 4590 Cn.
1151 4532 1284 4590 Domitio
1307 4532 1393 4588 etde
1418 4533 1559 4589 Messalla
1582 4532 1658 4590 Cor·

371 4631 438 4684 rino
465 4651 541 4705 «lirare
576 4633 717 4707 legimus,
751 4634 962 4691 llenzenianae
990 4636 1155 4691 sententiae
1185 4636 1318 4705 l'aveant,
1353 4635 1493 4690 universa
1523 4646 1656 4693 actorum

371 4733 517 4789 ordinatio
547 4736 640 4807 magis
667 4736 823 4792 conveniat
852 4736 1004 4805 Hulauae;
1033 4748 1136 4794 neutra
1167 4738 1207 4793 its
1236 4745 1408 4809 comparata
1437 4749 1498 4804 est,
1529 4746 1561 4793 ut
1590 4738 1657 4794 sine

371 4832 513 4890 violentia
542 4835 642 4909 aliqua
672 4857 730 4894 rein
761 4839 910 4913 expediat.
959 4836 1170 4896 Litteraturam
1199 4838 1373 4895 Huelsenus
1402 4839 1553 4912 quaerenti
1584 4840 1657 4896 milii

372 4936 525 5012 respondit
547 4939 667 4994 onrriinc
690 4950 769 4995 stare
791 4958 845 5014 pro
872 4943 1018 4996 sententia
1039 4940 1172 5010 Hulana3
1202 4942 1399 5016 fragmentum
1423 4941 1458 4997 de
1481 4960 1540 5014 quo
1563 4942 1658 4999 ambi-

372 5038 450 5111 gitur
474 5037 559 5111 plane
582 5038 699 5097 differre
722 5041 759 5096 ab
781 5042 855 5099 actis
877 5062 902 5097 a.
919 5060 947 5116 p.
965 5038 1034 5097 Clrr.
1053 5039 1100 5097 ⁸27.
1118 5042 1157 5099 ‘28
1179 5054 1209 5098 et
1231 5042 1337 5097 litteris
1360 5043 1501 5116 scriptum
1525 5061 1591 5100 esse
1608 5062 1657 5097 ve-

372 5140 548 5198 tustioribus
570 5142 775 5217 similibusque
798 5145 834 5199 iis
857 5162 931 5215 quae
953 5155 1112 5199 cernuntur·
1134 5145 1162 5199 in
1186 5143 1273 5200 fastis
1292 5140 1479 5217 Capitolinis.
1522 5144 1554 5200 ld
1577 5147 1656 5217 quod

373 5255 509 5317 ectypnm
533 5244 659 5300 nussum
682 5246 802 5302 omnino
822 5244 986 5302 coufirmat.
