3472 5828
515 544 793 594 msruvrsnnuvn
818 543 1040 594 nonnsmcvru
1359 522 1434 594 483

121 740 223 812 posset
233 730 263 813 ¹).
301 731 459 792 Lammina
474 731 537 792 DE
556 730 688 808 longiori
702 731 784 810 scapi
806 730 943 792 bracchio
959 733 1049 791 affixa
1071 731 1143 792 olim
1166 730 1310 791 mobilem
1333 752 1436 792 ansam

120 839 170 899 vel
197 837 372 898 claviculam
400 837 541 918 gestavit,
569 838 650 897 unde
678 837 798 915 pondus
824 856 1003 915 suspensum
1031 834 1133 918 erat2).
1178 840 1262 897 Haec
1292 836 1438 897 clavicula

122 962 191 1007 cum
212 962 267 1002 suo
289 944 421 1020 pondere
444 941 584 1002 omnibus
607 941 749 1019 deinceps
771 940 921 1020 incisuris,
947 962 1023 1018 quae
1044 940 1078 1000 in
1100 941 1254 1019 superiore
1276 941 1436 1003 lamminae

120 1047 254 1122 margine
266 1046 499 1126 conspiciuntur,
514 1045 608 1106 inseri
621 1053 748 1125 poterat,
761 1066 908 1122 quaeque
923 1045 1048 1125 propius
1059 1046 1277 1106 extremitatem
1291 1045 1437 1122 longioris

120 1150 250 1210 bracchii
272 1152 502 1229 perducebatur,
530 1171 566 1210 eo
588 1150 686 1210 maius
713 1152 831 1228 pondus
853 1151 989 1210 lanculae
1011 1151 1228 1229 imponendum
1250 1147 1435 1231 aequabat3).

208 1257 293 1315 Haec
307 1256 437 1335 lancula,
455 1256 541 1316 ouius
556 1255 814 1316 adumbrationem
834 1276 864 1333 p.
879 1258 939 1315 482
955 1258 1058 1335 habes,
1082 1276 1228 1335 suspensa
1242 1256 1301 1316 fuit
1316 1277 1334 1314 a
1356 1255 1438 1333 scapi

121 1368 205 1439 parte
228 1379 362 1435 eaquae
385 1360 464 1420 inter
488 1359 517 1419 0
539 1367 569 1419 et
591 1362 620 1418 B
642 1361 793 1421 delineata
815 1369 873 1438 est3
898 1363 949 1421 sed
973 1382 1009 1420 ex
1031 1362 1087 1420 hac
1109 1364 1204 1437 figura
1226 1359 1304 1419 nihil
1327 1367 1379 1420 aut
1400 1361 1437 1419 de

120 1463 236 1524 ratione
252 1471 305 1523 aut
320 1466 355 1523 de
372 1465 439 1524 loco
455 1465 662 1542 suspensionis
683 1466 823 1542 colligere
845 1466 923 1525 licet.
962 1468 1041 1540 Ergo
1065 1465 1097 1523 in
1112 1465 1256 1525 lammina
1272 1464 1335 1523 DE
1353 1465 1437 1524 illam

121 1568 285 1629 incisuram
300 1589 488 1650 quaeramus,
510 1569 543 1627 in
559 1590 619 1644 qua
633 1571 776 1649 normale,
799 1577 834 1630 ut
855 1569 898 1628 ita
920 1567 1027 1647 dicam,
1051 1568 1262 1644 aequilibrium
1285 1568 1438 1628 observari

120 1678 245 1750 poterat.
291 1673 469 1750 Perspicuae
492 1680 564 1733 sunt
585 1680 674 1734 notae
697 1718 721 1752 .,
747 1689 770 1753 :,
798 1674 830 1752 i,
861 1672 972 1748 quibus
994 1671 1097 1750 uncia,
1122 1680 1258 1752 sextans,
1287 1672 1438 1747 quadrans

122 1796 156 1836 ac
178 1777 311 1853 reliquae
334 1779 410 1838 assis
432 1785 532 1855 partes
555 1776 776 1853 significantur3
800 1779 945 1836 deuncem
969 1793 984 1855 ξ
1008 1776 1143 1852 sequitur
1165 1776 1240 1836 assis
1263 1783 1335 1836 nota
1358 1795 1381 1855 1,
1406 1777 1438 1834 id

122 1975 168 2028 est
196 1988 256 2027 una
284 1971 385 2047 pondo
413 1969 499 2028 libra.
551 1970 615 2027 Iam
644 1967 673 2027 ei
701 1967 864 2045 incisurae,
902 1987 979 2042 quae
1012 1986 1103 2044 supra
1129 1969 1207 2026 hano
1236 1973 1339 2027 notam
1368 1966 1437 2046 fuit,

121 2071 264 2132 mobilem
287 2072 482 2149 aequipondii
504 2071 679 2131 claviculam
701 2071 843 2131 insertam
859 2091 923 2131 esse
945 2075 1100 2149 putemus:
1124 2077 1189 2129 tum
1210 2071 1338 2150 lancula,
1361 2090 1438 2147 quae

122 2197 159 2236 ex
188 2177 281 2236 altero
308 2176 439 2235 trutinae
466 2176 606 2236 bracchio
635 2195 780 2252 suspensa
807 2182 864 2254 est,
899 2174 1006 2235 mercis
1035 2174 1191 2234 cuiusdam
1217 2175 1373 2252 particulis
1402 2195 1437 2233 eo

121 2300 217 2356 usque
233 2279 402 2359 impleatur,
419 2282 514 2338 donec
530 2298 638 2356 scapus
652 2278 842 2359 positionem,
861 2299 937 2355 quae
953 2278 1148 2339 horizontalis
1163 2278 1282 2357 dicitur,
1305 2278 1436 2338 habebit.

122 2383 173 2444 Sic
195 2382 289 2460 igitur
310 2403 407 2462 merx,
437 2404 513 2460 quae
541 2390 587 2442 est
612 2383 645 2442 in
671 2384 803 2463 lancula,
833 2403 925 2443 unam
952 2383 1061 2442 libram
1082 2384 1212 2460 pendere
1233 2402 1287 2459 per
1308 2381 1439 2440 trutinae

121 2487 304 2566 positionem
319 2494 408 2564 atque
424 2508 440 2546 e
455 2495 527 2547 nota
543 2505 566 2566 r,
584 2489 622 2546 ad
637 2507 728 2563 quam
743 2486 978 2564 aequipondium
993 2488 1170 2564 perductum
1186 2493 1256 2565 erat,
1278 2504 1439 2561 cognosce-

121 2597 179 2652 tur.
215 2594 280 2651 Iam
302 2592 329 2650 si
350 2593 428 2652 forte
450 2591 686 2669 aequipondium
708 2593 747 2651 ad
768 2590 936 2668 proximam
955 2590 1162 2652 sinistrorsum
1183 2589 1347 2650 incisuram
1369 2609 1439 2667 pro-

122 2695 263 2773 moveris,
294 2695 413 2755 lancula
442 2716 509 2754 curn
532 2716 567 2753 ea
589 2716 680 2770 quam
706 2695 771 2754 dixi
798 2695 905 2755 mercis
927 2695 1065 2773 portione
1087 2714 1207 2754 sursum
1228 2695 1385 2769 evehetur;
1408 2700 1440 2752 at

121 2820 191 2859 vero
214 2799 380 2858 sitantum
403 2799 502 2860 oneris
525 2801 627 2879 addes,
650 2807 684 2859 ut
705 2818 808 2859 rursus
829 2798 1041 2874 aequilibrium
1056 2799 1237 2876 observetur,
1260 2797 1385 2857 habebis
1407 2797 1440 2854 in

121 2903 244 2963 lancula
266 2922 343 2961 onus
364 2901 456 2961 unius
477 2901 570 2962 librae
594 2924 662 2962 cum
684 2903 781 2962 uncia.
827 2907 927 2980 Atque
950 2905 1054 2963 eadem
1079 2902 1195 2962 ratione
1217 2900 1332 2960 maiora
1354 2900 1440 2959 dein·

122 3027 192 3084 ceps
215 3027 305 3066 onera
328 3007 495 3083 appendere
518 3007 640 3085 poteris,
665 3027 733 3065 cum
756 3007 990 3085 aequipondium
1013 3006 1126 3067 sensim
1141 3003 1347 3065 sinistrorsum
1370 3024 1440 3079 pro-

122 3111 266 3187 moveris3
289 3109 333 3169 sio
356 3109 485 3185 denique
508 3113 545 3170 ad
568 3131 717 3169 summum
739 3112 865 3191 pondus,
890 3111 971 3187 quod
992 3111 1107 3170 trutina
1128 3109 1268 3187 patietur,
1291 3108 1323 3166 id
1341 3109 1440 3167 estad

123 3233 208 3275 xxxx
235 3215 340 3291 libras,
372 3215 537 3290 pervenies.
584 3218 695 3273 Contra
718 3215 745 3273 si
767 3215 803 3273 ab
827 3234 861 3273 eo
884 3214 963 3292 loco,
994 3213 1048 3288 qui
1074 3213 1149 3273 assis
1176 3220 1248 3272 nota
1277 3211 1439 3288 insignitus

123 3328 181 3397 est,
211 3320 401 3378 dextrorsum
427 3318 639 3397 progredieris,
670 3318 808 3398 daunais,
838 3318 1005 3395 dextantis,
1035 3337 1124 3394 porro
1152 3316 1335 3392 reliquarum
1364 3314 1439 3374 assis

122 3421 252 3500 partium
280 3430 367 3480 notas
396 3424 601 3497 deprehendes
629 3428 658 3480 et
684 3422 886 3500 aequipondio
921 3423 1043 3480 reducto
1076 3422 1235 3501 deuncem,
1267 3423 1439 3480 dextantem

123 3525 257 3600 aliasque
279 3525 374 3583 librae
397 3526 558 3603 particulas
580 3545 675 3600 usque
699 3528 736 3585 ad
759 3524 956 3597 semunciam,
981 3544 1058 3600 quae
1079 3544 1171 3601 prope
1192 3522 1313 3583 unciam
1336 3530 1439 3582 notata

122 3650 189 3689 esse
211 3627 368 3708 videturl),
393 3630 560 3706 appendere
582 3629 704 3706 poteris.

209 3733 268 3792 Sed
290 3733 351 3791 iam
373 3735 411 3791 ad
432 3733 597 3792 normalem
613 3732 784 3809 aequilibrii
806 3732 987 3808 positionem
1002 3733 1157 3791 redeamus
1172 3737 1203 3791 et
1218 3752 1285 3791 cum
1300 3729 1438 3791 Vitruvio

123 3847 291 3897 centrum
314 3837 346 3895 id
369 3846 514 3913 punctum
536 3836 680 3914 dicamus,
705 3837 783 3894 unde
807 3836 920 3895 trutina
943 3855 1088 3914 suspensa
1110 3835 1177 3894 fuit.
1216 3837 1266 3894 ad
1283 3842 1438 3911 utramque

123 3941 217 4000 centri
239 3949 354 4017 partem
375 3940 496 4015 longius
518 3939 690 3999 bracchium
706 3946 736 3998 et
751 3941 878 4000 alterum
900 3940 1020 3999 brevius
1036 3939 1266 4016 distinguamus.
1304 3939 1439 4016 Longius

194 4217 211 4280 ¹)
229 4211 405 4267 Friederichs
428 4212 538 4267 Berlina
560 4219 613 4265 ont.
637 4211 792 4268 Bildwerke
814 4212 843 4267 11
860 4230 886 4283 p.
900 4214 981 4268 roos.
1018 4212 1191 4268 Baumeister
1211 4213 1377 4268 Dmlcmttlcr
1394 4210 1438 4265 dee

122 4300 208 4356 klaaa
228 4301 379 4353 Altertuma
396 4298 441 4352 III
459 4315 485 4368 p.
498 4300 565 4351 2078
575 4317 596 4352 s.

193 4386 213 4452 2)
231 4384 403 4440 Friederichs
420 4383 474 4438 lc.
492 4402 536 4438 no.
555 4387 613 4438 900.
649 4384 823 4440 Baumeister
838 4384 857 4439 l
871 4404 894 4440 c.

192 4474 212 4538 3)
231 4471 338 4527 Vitruv.
356 4471 374 4526 l.
387 4489 409 4525 c.

191 4559 211 4624 ⁴)
230 4558 345 4613 Punctis
364 4558 473 4612 duobus
491 4558 669 4612 crassioribus
687 4566 716 4612 et
733 4558 926 4629 duodeviginti
944 4557 1143 4627 subtilioribus,
1163 4575 1232 4627 quae
1251 4558 1280 4612 in
1299 4557 1439 4629 superiore

122 4647 211 4717 figura
228 4645 264 4700 ad
282 4645 406 4700 dextram
423 4652 526 4716 partem
544 4650 624 4698 notae
643 4678 665 4711 .,
685 4644 715 4698 id
733 4652 774 4699 est
791 4645 900 4715 unciae,
922 4645 1141 4716 conspiciuntur,
1164 4644 1295 4715 pondus
1314 4645 1440 4699 denotari

122 4733 291 4788 demonstrat
310 4732 430 4786 incisura
448 4749 529 4798 supra
545 4729 612 4784 haee
630 4737 731 4801 puncta
750 4749 766 4784 a
784 4731 862 4786 fabro
876 4731 957 4786 facta.
988 4733 1027 4786 At
1038 4748 1102 4785 vero
1115 4731 1151 4785 iis
1165 4748 1234 4802 quos
1247 4729 1305 4783 dixi
1324 4738 1438 4801 puncto-

121 4837 183 4876 rum
201 4819 322 4873 numeris
335 4817 412 4873 nulla
423 4816 534 4888 propria
546 4816 674 4887 ponderis
686 4817 851 4886 significatio
863 4818 1009 4872 tribuenda
1021 4823 1076 4884 est3
1094 4817 1176 4871 immo
1193 4816 1271 4870 faber
1283 4817 1439 4870 semunciae

123 4913 217 4962 notam
235 4913 253 4960 Σ
272 4923 321 4959 suo
340 4905 454 4959 arbitrio
473 4903 588 4958 liberius
613 4904 780 4974 expressisse
803 4904 918 4959 videtur.
955 4905 1058 4973 Figura
1083 4910 1176 4958 autam
1200 4903 1323 4974 punctim
1345 4901 1439 4957 adum-

122 4992 209 5059 brata,
229 5008 298 5061 quae
316 5007 401 5060 prope
418 4990 618 5044 extremitatem
630 4989 775 5043 lamminae
789 4988 965 5060 conspicitur,
978 4989 1095 5044 ornandi
1107 5007 1198 5058 causa,
1216 5006 1272 5042 non
1284 4987 1320 5042 ad
1332 4987 1440 5058 pondus

122 5075 210 5131 ullum
234 5076 393 5144 notandum,
417 5075 542 5145 adposita
566 5094 626 5131 esse
648 5076 758 5130 videtur
782 5080 852 5143 (nam
875 5075 951 5129 nulla
974 5075 1092 5131 incisura
1110 5075 1140 5129 in
1157 5074 1298 5146 superiore
1316 5073 1439 5143 margine

123 5169 220 5231 exstat,
238 5179 327 5231 neque
340 5161 472 5216 credibile
486 5170 529 5216 est
545 5163 639 5217 eodem
658 5160 853 5233 aequipondio,
872 5179 926 5231 quo
939 5161 1049 5217 XXXX
1067 5161 1153 5218 librae
1167 5161 1285 5234 appendi
1303 5166 1438 5232 poterant,

122 5248 206 5303 etiam
222 5248 341 5304 minores
359 5249 498 5303 semuncia
516 5247 665 5319 particulas
682 5248 769 5304 librae
787 5264 923 5320 appensas
943 5251 1017 5313 esse).
