3472 5828
565 535 744 589 LVDORVM
771 533 1040 589 snscvnnmvn.

758 639 900 647 ———-·--.
905 639 957 648 -ῃ-

223 1020 328 1080 LVDI
357 1020 630 1083 stncvnnltns
656 1021 842 1084 AVGVSTI
866 1023 922 1081 ET
945 1017 1236 1095 ANTIQVIORES
1263 1019 1336 1078 REI
1361 1019 1414 1078 Ρ.

711 1144 907 1203 LIBERAE.

222 1326 398 1388 Saecularis
420 1332 584 1407 antiquitus
601 1332 681 1390 edita
696 1349 763 1390 esse
780 1331 836 1390 diis
859 1332 962 1390 inferis
977 1330 1043 1389 Diti
1065 1341 1094 1389 et
1108 1329 1308 1406 Proserpinae
1331 1329 1368 1386 ad
1391 1346 1471 1386 aram

139 1431 200 1489 XX
229 1432 356 1506 pedibus
384 1434 439 1491 sub
461 1435 550 1491 humo
578 1434 769 1493 constitutam
797 1435 959 1492 immolatis
986 1433 1092 1491 hostiis
1119 1432 1229 1503 furvis,
1258 1431 1371 1489 scilicet
1397 1430 1472 1488 bove

139 1534 224 1610 nigro
246 1543 276 1592 et
299 1554 388 1592 vacca
411 1538 496 1612 nigra
518 1536 773 1611 sollemnibusque
799 1555 853 1612 per
875 1544 935 1593 tres
959 1549 1061 1594 noctes
1084 1535 1265 1594 continuatis
1292 1554 1358 1592 cum
1381 1540 1471 1591 testa·

140 1646 200 1693 tum
224 1634 436 1713 habeamus¹),
459 1638 506 1696 his
529 1639 679 1697 celebrato
701 1639 756 1697 sub
779 1640 927 1714 Augusto,
951 1638 1116 1714 dequibus
1139 1637 1225 1696 nobis
1248 1636 1395 1713 agendum
1417 1645 1471 1705 est,

138 1738 251 1796 similia
272 1740 366 1817 magis
388 1740 510 1799 luerunt
531 1760 619 1816 quam
642 1742 753 1800 eadem.
794 1739 988 1800 Descendunt
1010 1749 1135 1817 utraque
1161 1759 1200 1799 cx
1221 1738 1403 1798 carminibus
1426 1733 1472 1796 Si·

138 1839 276 1915 syllae2)
304 1849 334 1898 et
360 1844 528 1902 communia
555 1843 665 1902 habent
691 1862 759 1901 cum
786 1843 882 1901 locum
911 1852 972 1902 tum
1001 1843 1130 1901 trinoctii
1157 1841 1245 1900 ludos
1272 1849 1302 1901 et
1328 1841 1469 1899 sellister-

138 1941 236 2018 nia³).
282 1942 341 2003 Sed
364 1945 463 2004 differt
483 1947 633 2005 saeculum
658 1946 687 2002 in
709 1946 808 2021 priore
830 1946 934 2006 ordine
956 1965 1103 2005 annorum
1123 1943 1292 2018 centnm⁴),
1315 1944 1346 2002 in
1368 1945 1469 2019 Augu·

138 2053 185 2102 sto
208 2063 353 2104 annorum
376 2060 490 2106 centum
513 2058 543 2106 et
565 2047 715 2121 decem5),
738 2060 767 2106 et
788 2049 855 2124 ipso
879 2049 998 2108 saeculo
1019 2050 1062 2107 ita
1077 2047 1240 2118 differente,
1264 2046 1382 2105 diverso
1397 2064 1470 2122 quo·

137 2165 194 2223 qne
221 2148 383 2227 principio,
415 2150 581 2209 saecularia
607 2162 732 2227 utraque
758 2151 893 2237 incidant
919 2169 1040 2210 necesse
1069 2159 1115 2210 est
1142 2151 1174 2208 in
1200 2167 1295 2208 annos
1322 2148 1468 2225 dispares.

136 2249 288 2308 Differunt
314 2253 384 2310 item
412 2254 539 2312 hostiae:
569 2254 623 2311 bos
645 2255 748 2311 furvus
771 2261 801 2310 et
822 2273 912 2312 vacca
933 2254 1033 2326 furva,
1060 2254 1113 2328 qui
1140 2253 1198 2311 soli
1224 2251 1416 2310 immolantur
1438 2250 1469 2308 in

137 2352 364 2427 antiquioribus,
392 2355 422 2412 in
445 2357 539 2414 sacris
562 2357 708 2432 Augustis
732 2375 791 2413 non
814 2367 999 2432 comparent3
1027 2355 1219 2413 immolantur
1241 2355 1271 2413 in
1293 2354 1340 2411 his
1362 2373 1378 2411 e
1400 2370 1468 2411 con·

138 2455 229 2512 trario
256 2456 373 2514 hostiae
401 2469 561 2515 nocturnae
587 2477 679 2533 porca
704 2467 734 2516 et
759 2478 856 2537 agnae
881 2471 911 2518 et
936 2478 1044 2535 caprae
1072 2458 1175 2516 furvae
1203 2474 1319 2530 omnes,
1347 2456 1468 2515 diurnae

137 2555 227 2614 boves
251 2558 321 2616 albi.
355 2559 508 2618 Differunt
531 2560 669 2618 similiter
684 2560 811 2620 numina.
845 2560 903 2620 Dis
925 2570 1009 2637 pater
1031 2568 1060 2619 et
1074 2560 1265 2637 Proserpina,
1288 2559 1395 2635 quibus
1416 2557 1469 2615 illa

137 2655 312 2734 eduntur⁶),
335 2679 429 2736 neque
451 2664 480 2718 in
497 2663 618 2721 oraculo
635 2665 824 2722 nominantur
840 2683 934 2740 neque
958 2665 986 2722 in
1003 2663 1077 2722 actis
1099 2681 1193 2738 neque
1208 2664 1240 2721 in
1256 2662 1387 2722 carmine
1410 2660 1468 2719 sol·

136 2760 236 2832 lemni,
263 2773 291 2821 et
313 2763 393 2838 quod
416 2766 606 2824 nominantur
628 2766 707 2841 apud
729 2766 893 2838 Zosimum,
915 2767 1036 2825 omnino
1059 2765 1194 2842 procedit
1215 2785 1254 2823 ex
1275 2774 1467 2839 utrorumque

137 2864 331 2922 saecularium
355 2885 431 2942 quae
457 2867 535 2944 apud
563 2868 701 2944 antiquos
729 2877 864 2927 erictores
888 2870 1000 2928 obtinet
1026 2868 1248 2944 perturbatione
1258 2866 1302 2943 ⁷),
1330 2883 1467 2942 quaeque

136 2984 204 3023 vere
227 2984 319 3024 causa
341 2969 483 3044 primaria
505 2980 551 3028 est
572 2989 704 3028 errorum
726 2972 781 3028 has
804 2973 993 3047 quaestiones
1015 2971 1216 3030 insidentium.
1255 2966 1468 3028 Centenarium

137 3151 339 3162 ————„.

213 3295 236 3356 ¹)
265 3296 419 3346 Praesertim
441 3306 519 3362 agunt
538 3299 570 3348 de
590 3300 621 3349 iis
635 3299 692 3350 Val.
707 3301 779 3349 Max.
795 3303 819 3361 2,
834 3301 890 3362 4,5
912 3307 936 3349 et
954 3301 1072 3351 Zosimus
1086 3302 1111 3361 2,
1128 3299 1206 3348 1-4.
1236 3298 1335 3347 Auctor
1355 3311 1467 3346 commu·

136 3388 176 3436 nis
196 3389 252 3438 siue
271 3389 350 3438 dnbio
364 3391 448 3439 Varro
468 3398 515 3452 est,
537 3405 612 3456 quem
632 3394 784 3442 nominatim
805 3394 865 3442 citat
886 3392 1042 3442 Censorinus
1065 3394 1106 3454 17,
1128 3393 1151 3440 8.

211 3477 235 3540 ²)
267 3483 340 3531 Iussu
361 3482 475 3546 Sibyllae
496 3485 622 3534 celebrate
642 3492 700 3534 sunt
720 3485 863 3535 saecularia
885 3500 909 3534 a.
930 3501 954 3533 u.
975 3501 995 3534 c.
1017 3485 1069 3534 505
1095 3483 1189 3545 (Varro
1209 3483 1277 3547 apud
1298 3481 1468 3532 Censorinum

136 3572 152 3621 Ι.
173 3572 218 3633 c),
243 3575 395 3638 antiquioris
415 3577 513 3625 ordinis
534 3592 591 3625 rere
615 3579 710 3641 prima:
740 3593 804 3642 quae
824 3579 992 3641 praecessisse
1012 3577 1131 3627 dicuntur
1151 3576 1220 3626 edita
1239 3590 1271 3625 ex
1291 3576 1402 3626 oraculis
1422 3575 1467 3624 do·

137 3667 257 3727 mesticis,
279 3668 333 3716 sins
353 3668 431 3717 dubio
451 3667 522 3717 nulla
541 3669 652 3719 fuerunt.

212 3755 235 3818 ³)
267 3756 428 3809 Sellisterniu
448 3761 516 3824 apud
531 3762 663 3811 Valerium
683 3763 828 3812 Maximum
848 3763 886 3812 bis
906 3762 1011 3828 praebet
1024 3761 1125 3812 Paridis
1144 3763 1263 3825 epitome,
1284 3760 1327 3810 ubi
1347 3760 1466 3810 lectister-

134 3849 178 3897 nio
205 3851 263 3899 libri
287 3853 390 3916 integri:
417 3852 480 3901 illud
501 3868 587 3902 verum
608 3870 662 3904 esse
682 3864 740 3904 acta
758 3862 845 3904 nostra
865 3854 997 3904 declarant
1016 3861 1041 3903 et
1064 3854 1148 3919 potuit
1168 3853 1281 3918 intellegi
1301 3861 1359 3902 ante
1379 3868 1409 3902 ea
1428 3853 1466 3902 in·

135 3948 220 4000 venta3
241 3959 300 3991 nam
321 3954 378 3993 utra
397 3946 472 3993 lectio
494 3962 540 4008 pro
562 3948 715 4011 interpolata
734 3948 854 3997 habenda
872 3948 913 4007 sit,
934 3947 1031 4011 peritus
1050 3961 1126 3996 nemo
1147 3946 1266 4011 ambiget.

212 4032 235 4095 ⁴)
266 4038 348 4085 Varro
368 4039 435 4101 apud
458 4039 627 4088 Censorinum
648 4041 663 4088 l.
685 4058 720 4089 c.:
746 4057 799 4089 cam
884 4036 964 4088 libros
983 4036 1122 4105 Sibyllinos
1140 4035 1219 4088 Xoiri
1237 4037 1355 4099 adissent,
1375 4053 1465 4088 renun-

135 4126 236 4186 tiarunt,
259 4130 296 4175 uli
315 4127 372 4177 Diti
389 4132 464 4195 putri
482 4138 505 4179 et
526 4130 695 4198 Proserpinae
791 4131 846 4180 ludi
864 4133 992 4182 centesimo
1013 4147 1107 4198 qaoque
1126 4148 1191 4181 anno
1209 4131 1307 4198 fierent.

211 4217 235 4280 ⁵)
265 4221 376 4283 Sibylla:
404 4211 600 4271 dllt'dno'r'civ
624 4212 743 4290 μήκιστος
769 4216 808 4295 ἵκῃ
834 4213 929 4295 xpina:
948 4217 1107 4292 ἀνθρώποισι
1130 4221 1205 4288 ζωῆς,
1234 4222 1269 4279 sle
1292 4219 1363 4271 irinc
1383 4208 1465 4272 ixnrdv

134 4304 190 4358 δέκα
215 4301 302 4360 κύκλον
324 4301 418 4361 idedun.
458 4316 525 4364 Aeta
546 4332 567 4364 v.
583 4316 629 4365 25:
656 4313 830 4383 [slacrificium
853 4317 982 4366 saemlare
1007 4316 1127 4383 ludosque
1151 4318 1194 4383 qni
1217 4317 1345 4367 centesimo
1364 4323 1388 4365 et
1410 4311 1464 4376 d[e-

133 4404 194 4450 cimo
220 4421 284 4453 alerio
310 4406 459 4468 receerunt]¹
499 4409 620 4457 Horatius
642 4411 688 4458 21:
713 4418 796 4459 certus
819 4411 929 4459 stridenes
948 4409 1046 4460 deciens
1066 4426 1115 4476 per
1134 4426 1213 4459 arrrros
1236 4407 1305 4458 ordia
1328 4416 1354 4457 at
1378 4414 1465 4457 corilus

133 4494 272 4561 reseratque
293 4497 373 4546 ludos.

211 4587 234 4649 ⁶)
266 4592 348 4639 l'arro
370 4591 395 4652 (l.
411 4610 431 4640 c.
453 4594 512 4641 adn.
528 4593 569 4654 4);
595 4595 685 4643 Festus
705 4611 727 4642 v.
749 4596 892 4645 saeculares
912 4610 935 4658 p.
953 4595 1004 4644 329
1026 4602 1092 4643 etv.
1114 4601 1241 4644 tarentum
1261 4609 1285 4658 p.
1301 4593 1362 4644 351.

211 4679 233 4742 ἶ)
263 4684 380 4732 Zosimus
400 4686 512 4734 scribens
533 4687 582 4735 sic:
609 4675 702 4734 Sinuri
724 4682 751 4735 bb
775 4687 848 4743 θεοῖς
868 4684 915 4734 All
939 4683 980 4734 ani
996 4672 1069 4753 Ἥρᾳ
1094 4683 1133 4734 sai
1156 4672 1301 4734 Ἀπᾶλλωνι
1325 4681 1365 4734 sal
1383 4685 1466 4746 Λητοῖ

133 4765 174 4819 καὶ
193 4766 322 4838 Ἀρτέμιδι
343 4774 381 4823 καὶ
402 4773 504 4840 specim
524 4794 550 4843 γε
570 4774 678 4843 Μοίραις
697 4773 739 4827 καὶ
757 4773 922 4836 Εἰλειθυίαις
941 4776 980 4827 καὶ
994 4764 1072 4848 Ἀιδῃ
1092 4775 1132 4828 rai
1146 4765 1294 4850 Περσιψᾶνῃ
1315 4795 1371 4829 cum
1391 4792 1464 4843 prae·

135 4873 203 4914 teres
223 4870 323 4930 egregie
343 4871 478 4917 eorn'eniet
500 4887 556 4918 curn
577 4872 689 4919 carmine
710 4873 822 4936 actisque
842 4879 941 4922 retenta
960 4871 1025 4920 adeo
1046 4871 1224 4921 distributione
1244 4886 1374 4922 sacrorum
1394 4870 1463 4919 diur-

133 4973 223 5006 norum
245 4968 476 5024 nocturnorumquc
502 4971 525 5009 et
551 4964 574 5009 in
596 4964 709 5026 cittisque
730 4966 796 5013 iusto
817 4964 922 5026 ordine,
950 4980 980 5013 eo
1001 4965 1103 5013 nomine
1124 4964 1183 5013 inde
1203 4964 1322 5027 discedit,
1349 4963 1417 5029 quod
1437 4964 1463 5012 in

133 5048 181 5097 line
207 5051 280 5099 addit
300 5052 387 5101 Ditem
413 5063 437 5100 et
459 5055 644 5118 Proserpinam.
684 5057 735 5107 Sed
756 5073 812 5106 cum
833 5056 972 5106 secundum
997 5057 1171 5106 narrationem
1196 5057 1275 5120 ipsius
1299 5056 1353 5106 ludi
1375 5070 1463 5106 saecu·

134 5141 199 5190 lares
220 5143 265 5191 sub
281 5145 481 5208 imperatoribus
498 5147 616 5196 celebrati
639 5156 787 5210 repetantur
800 5150 832 5198 ab
848 5149 1043 5213 antiquioribus,
1063 5149 1159 5198 scilicet
1171 5151 1236 5198 votis
1255 5150 1322 5199 male
1341 5148 1463 5213 neglectis

134 5243 158 5282 et
178 5235 245 5283 ludis
266 5237 424 5298 intermissis,
447 5239 481 5285 dil
504 5240 593 5288 borum
615 5241 744 5305 praesides
764 5243 909 5291 necessario
929 5242 961 5290 ud
982 5241 1115 5292 elenchum
1135 5241 1246 5291 addendi
1265 5243 1376 5293 fuerunt.
