3472 5828
323 564 396 634 260
938 584 1037 635 acra

322 757 405 815 fratri
429 758 569 816 honorem
592 755 737 816 XVviros
760 766 883 815 eatenus
906 758 1061 826 tribuisse,
1088 762 1235 831 quatenus
1258 755 1323 814 lieri
1344 757 1441 832 potuit
1461 764 1585 833 propter
1606 756 1651 813 lo·

320 879 423 918 corum
446 860 643 918 intervallum.

404 963 487 1021 Haec
510 962 620 1020 saeculi
637 962 764 1038 Augusti
786 962 909 1020 numina
930 961 979 1037 qui
1001 961 1185 1036 comparabit
1207 979 1272 1018 cum
1289 960 1463 1038 antiquioris
1479 960 1591 1019 saeculi
1614 959 1653 1018 li-

320 1067 408 1123 berac
431 1066 471 1123 rei
494 1065 630 1140 publicae
646 1064 826 1134 numinibus,
847 1063 877 1122 id
892 1065 990 1138 ipsum
1006 1062 1207 1139 deprehendet
1220 1081 1279 1138 quo
1295 1080 1343 1121 res
1358 1063 1478 1140 publiea
1491 1063 1529 1120 ab
1546 1063 1652 1139 Augu·

321 1175 368 1225 sto
391 1169 527 1225 restituta
549 1168 586 1224 ab
603 1167 738 1224 instituta
759 1166 880 1243 regibus
899 1166 1015 1224 exactis
1036 1165 1079 1223 ita
1101 1166 1220 1234 recedit,
1242 1175 1273 1223 ut
1295 1165 1488 1225 nihilominus
1504 1164 1653 1241 quodam·

322 1269 410 1326 nrodo
425 1270 529 1327 endam
545 1270 593 1327 sit.
616 1269 790 1327 Manseruut
805 1267 973 1326 saeculares
989 1267 1080 1326 feriae
1095 1268 1248 1326 numinum
1264 1268 1435 1337 inferorum,
1448 1269 1500 1327 sed
1512 1276 1654 1344 exempto

321 1381 417 1428 taetro
441 1372 602 1429 inferorum
626 1370 746 1428 domino
768 1371 889 1446 eiusque
909 1372 1035 1447 coniuge
1049 1371 1131 1441 deae,
1154 1388 1229 1446 quas
1244 1380 1424 1428 venerantur
1446 1371 1515 1429 nori
1537 1370 1653 1428 saeculi

319 1474 469 1541 mulieres,
492 1491 594 1531 omnes
618 1472 796 1532 reverendae
811 1473 907 1549 magis
924 1482 990 1531 sunt
1006 1492 1092 1549 (quam
1116 1472 1289 1530 horrendae.
1323 1473 1534 1550 Adiunguntur
1549 1482 1652 1530 autem

319 1575 356 1633 ad
379 1576 540 1633 inferorum
564 1575 698 1634 ordinem
722 1575 821 1651 superi
840 1574 882 1632 dii
905 1575 975 1633 almi
990 1576 1104 1650 lupiter
1119 1574 1238 1633 etluno
1260 1576 1364 1633 summi
1385 1594 1484 1633 rerum
1500 1574 1653 1632 Romana·

320 1696 384 1733 rum
407 1679 536 1753 patroni,
559 1677 666 1735 deinde
688 1678 831 1754 principis
846 1677 975 1736 civitatis
990 1688 1019 1735 et
1040 1677 1082 1734 rei
1106 1677 1242 1753 publicae
1257 1677 1391 1735 custodis
1407 1686 1435 1737 et
1450 1678 1558 1735 tutoris
1574 1677 1651 1735 deus

319 1778 501 1837 domesticus
516 1779 631 1855 Apollo
647 1780 814 1839 Palatinus.
843 1778 971 1838 Laetum
987 1780 1138 1837 restitutae
1155 1780 1196 1836 rei
1211 1779 1347 1855 publicae
1362 1789 1471 1837 statum
1488 1790 1571 1837 etex
1586 1778 1652 1837 bel·

319 1880 355 1937 lis
382 1881 597 1939 infelicissimis
624 1883 780 1959 splendide
808 1892 1011 1960 resurgentem
1039 1881 1111 1939 haec
1133 1900 1209 1957 quae
1236 1882 1478 1958 recuperavimus
1500 1889 1568 1940 acta
1588 1900 1651 1940 non

317 1982 415 2039 minus
438 1983 519 2041 clara
541 1983 606 2041 lnce
628 1985 782 2044 illustrant
803 2002 892 2060 quam
916 1984 1010 2061 spirat
1031 2002 1148 2042 carmen
1172 1984 1250 2060 quod
1273 1989 1428 2060 composuit
1452 1982 1487 2053 Q.
1506 1984 1652 2043 Horatius

318 2084 455 2144 Flaccus.

700 2272 836 2333 SACRA
870 2273 927 2333 ΕΤ
960 2271 1268 2335 PRECATIONES.

401 2458 496 2519 Sacra
521 2469 552 2517 et
576 2460 763 2536 precationes
789 2459 847 2517 diis
874 2460 1045 2536 deabusque
1075 2461 1175 2519 oblata
1207 2479 1260 2536 per
1286 2460 1423 2520 ludorum
1450 2461 1649 2521 saecularium

316 2563 485 2620 trinoctium
509 2561 696 2638 triduumque
719 2564 778 2620 iam
801 2562 969 2637 composita
990 2563 1230 2622 recensebuntur.
1276 2562 1369 2622 Sacra
1389 2563 1460 2621 iecit
1486 2582 1651 2640 precesque

316 2666 452 2723 recitavit
481 2684 533 2741 per
555 2672 615 2721 tres
642 2674 742 2723 noctes
765 2667 937 2742 Augustus,
967 2685 1019 2741 pcr
1041 2678 1101 2723 tres
1124 2665 1188 2723 dies
1215 2672 1245 2722 et
1267 2666 1421 2742 Augustus
1449 2673 1478 2723 et
1501 2667 1649 2743 Agrippa,

315 2776 345 2823 ct
372 2785 408 2825 eo
435 2766 554 2842 proprie
581 2767 747 2825 continetur
768 2767 847 2842 quod
877 2767 918 2824 ait
945 2776 1066 2825 senatus
1088 2775 1220 2825 actorum
1245 2787 1271 2824 v.
1289 2767 1337 2824 53.
1354 2768 1393 2825 54
1420 2766 1506 2826 ludos
1529 2769 1649 2827 futuros

315 2886 382 2926 csse
406 2868 610 2943 [sociantibusi
637 2873 703 2945 inqu.
723 2868 859 2944 Caesare]
880 2868 1041 2943 Arrpust(o)
1063 2880 1089 2927 et
1110 2869 1152 2926 M.
1168 2868 1334 2945 A[qrip]pu
1357 2869 1541 2944 tribunic(r‘o)
1564 2880 1648 2945 pote·

315 2979 402 3040 stuta,
433 2970 627 3045 similiterque
657 2973 686 3029 in
715 2982 905 3028 monumento
932 2974 1095 3047 Ancyrano
1124 2975 1278 3049 Augustus
1307 2972 1388 3030 ludos
1416 2971 1577 3031 coenaturus
1599 2975 1648 3048 se·

316 3076 387 3131 cisse
408 3092 438 3131 sa
461 3075 577 3147 coalepu
592 3072 635 3129 M.
652 3073 797 3149 Agrippa.
830 3074 878 3131 Ex
902 3074 1074 3132 auctoribus
1090 3074 1229 3132 Zosimus
1251 3074 1356 3132 scribit
1369 3074 1540 3151 Augustum
1565 3073 1649 3133 Moe-

317 3175 358 3232 ris
375 3175 511 3232 victimas
534 3176 739 3233 immolavisse
762 3175 967 3252 significatque
984 3175 1129 3233 Horatius
1151 3176 1243 3234 boues
1259 3176 1325 3234 lovi
1340 3176 1505 3252 Iunonique
1527 3175 1647 3235 oblatas

316 3294 383 3334 esse
406 3278 442 3334 ab
466 3278 585 3348 eodem,
613 3277 649 3335 de
672 3278 808 3354 Agrippa
830 3287 945 3336 tacens:
974 3298 1090 3336 carmen
1115 3276 1249 3354 Sibyllae
1272 3277 1351 3354 qnod
1374 3297 1432 3336 non
1459 3279 1548 3336 habet
1569 3296 1647 3355 quse

315 3378 375 3435 huc
397 3380 510 3448 trabas,
533 3381 613 3437 favet
635 3380 767 3454 opinioni
791 3399 882 3456 supra
905 3380 1045 3438 defensae
1068 3380 1210 3455 scriptum
1234 3398 1300 3438 esse
1323 3380 1416 3439 libera
1438 3381 1590 3438 etiamtum
1614 3400 1648 3439 re

314 3480 443 3556 publiea.
479 3479 617 3539 Ceterum
641 3483 669 3538 iu
693 3483 786 3539 sacris
810 3482 856 3540 lris
880 3483 964 3540 locus
987 3482 1146 3557 primarius
1161 3484 1298 3558 Augusto
1320 3483 1489 3554 attributus,
1511 3501 1647 3541 summus

314 3583 399 3653 item,
427 3562 486 3641 scd¹
508 3594 605 3642 tamen
630 3584 824 3642 secundarius
847 3584 1015 3661 Agrippae,
1042 3584 1226 3661 principatus
1253 3584 1455 3642 condicionem
1479 3603 1555 3660 quae
1581 3595 1645 3643 turn

314 3684 371 3743 fuit
395 3686 464 3743 viva
485 3686 613 3762 imagine
636 3696 868 3762 repraesentant.
907 3684 1068 3746 Severiana
1089 3706 1205 3763 quoque
1228 3704 1323 3757 sacra,
1349 3695 1492 3762 quantum
1515 3706 1553 3745 cx
1575 3687 1645 3745 reli-

314 3788 393 3862 quiis
418 3798 555 3864 apparet,
584 3789 653 3846 lecit
678 3789 865 3864 potissimum
893 3789 956 3863 ipse
980 3788 1121 3859 Severus,
1150 3788 1202 3847 scd
1231 3800 1261 3846 ut
1288 3798 1386 3866 partes
1408 3807 1526 3865 quoque
1552 3790 1582 3847 in
1606 3791 1645 3851 iis

315 3900 415 3947 essent
437 3891 499 3947 filio
522 3892 676 3948 Antonino
699 3891 834 3966 adeoque
856 3891 973 3968 coniugi
999 3891 1101 3962 iuliae,
1123 3893 1240 3967 priuato
1262 3900 1358 3949 autern
1383 3891 1465 3949 nulli.

397 3992 604 4050 l’recationum
633 3992 777 4051 formulae
804 4013 868 4049 curn
897 4011 1000 4052 omnes
1027 3994 1083 4051 sibi
1112 3994 1338 4070 responderent,
1367 3994 1465 4051 scriba
1487 3993 1642 4053 XVvirum

314 4095 387 4151 settis
415 4094 517 4151 habuit
544 4095 660 4169 planam
689 4114 798 4169 ponere
826 4096 963 4168 priruarn,
991 4114 1066 4170 quac
1089 4096 1247 4154 admodum
1270 4096 1375 4153 mutila
1398 4096 1435 4152 ad
1459 4114 1513 4154 uos
1540 4116 1645 4172 perre-

313 4197 369 4267 uit;
398 4197 426 4252 iu
451 4197 642 4271 sequentibus
666 4197 732 4254 sola
754 4196 877 4253 exordia
903 4198 1070 4273 perscripta
1093 4207 1162 4256 sunt
1190 4198 1306 4256 adiecta
1328 4196 1465 4256 clausula
1488 4206 1579 4255 cetera
1602 4204 1645 4256 uti

312 4317 402 4372 surpra
425 4298 466 4369 (v.
486 4298 552 4355 106.
572 4298 639 4355 137.
661 4299 746 4373 142),
775 4298 831 4355 nisi
855 4300 933 4372 qnod
964 4299 993 4356 in
1022 4300 1209 4359 invocatione
1233 4300 1379 4378 Apollinis
1406 4310 1523 4375 practer
1544 4300 1643 4375 ptrima

312 4401 403 4458 rerba
425 4401 513 4457 ctiam
537 4409 689 4475 postrema
710 4399 907 4458 enuntientur.
1335 4409 1337 4413 '

395 4664 602 4723 EXORDIA.

314 4868 421 4933 uoctc
448 4856 567 4955 prima
593 4857 727 4930 Moeris
755 4886 790 4931 v.
812 4864 871 4932 90.
903 4863 968 4933 91:

442 5006 542 5068 rrocte
569 4995 767 5095 r'usequeutr'
790 4997 827 5069 t'a.
847 5025 974 5098 canapo
993 4999 1043 5072 ud
1062 4998 1228 5099 liquata
1246 4998 1379 5073 illectas
1402 4998 1484 5098 imp.
1504 4994 1641 5073 (faesus

667 5118 846 5218 Auqustus
872 5120 1055 5195 *irruebant
1079 5120 1224 5219 lucetius]
1252 5120 1256 5222 l
1282 5120 1485 5221 prodiqtiurs
1505 5118 1640 5193 ricuino

665 5239 740 5315 ritu
766 5268 805 5317 eo
821 5298 958 5317 ......
