3472 5828
312 513 383 583 342
831 532 1104 584 snnmsunnus
1157 579 1160 584 .

311 707 458 775 siverunt,
483 706 610 763 rotundo
633 705 684 762 illo
706 706 751 764 cni
774 715 978 782 superstructa
1000 717 1046 761 est
1074 721 1145 761 case
1171 705 1283 761 rustica
1309 706 1412 761 vineae
1434 701 1628 761 Ceccarellio·

311 826 388 878 rum,
421 808 457 865 de
485 808 590 866 ceteris
618 808 654 864 ad
684 807 894 885 Pellegrinium
920 806 1047 864 lectores
1077 806 1224 862 remittere
1255 807 1326 863 satis
1352 807 1525 864 habuerunt.
1579 805 1625 861 Ex

310 906 509 966 Henzenianis
531 928 602 967 vero
624 910 754 985 pendent
775 909 940 984 quicunque
962 909 1009 966 his
1032 907 1144 965 ultimis
1165 908 1251 965 annis
1272 908 1309 964 de
1332 907 1492 964 Arvalihos
1513 926 1628 963 corum·

308 1029 365 1085 que
393 1010 536 1068 aedificiis
564 1012 652 1068 verba
680 1011 818 1068 secarunt.
863 1010 970 1084 Itaque
993 1028 1050 1067 non
1078 1010 1131 1067 abs
1159 1029 1190 1067 re
1215 1010 1271 1066 erit
1298 1010 1429 1066 locorum
1457 1009 1493 1065 dc
1522 1009 1629 1082 quihus

308 1112 365 1168 iam
388 1130 510 1188 agemus
532 1112 774 1189 ichnographiam
790 1131 956 1188 proponere
977 1111 1154 1169 delineatam
1183 1111 1343 1167 secundum
1370 1109 1480 1167 formas
1509 1110 1628 1184 publicu

308 1216 482 1272 auctoritate
504 1215 653 1272 confectae
677 1215 796 1273 maximi
820 1213 977 1288 moduli¹).

388 1314 503 1374 Lucum
525 1318 612 1375 situm
635 1316 727 1375 fuisse
748 1317 785 1375 ad
809 1316 976 1373 milliarium
1000 1315 1133 1391 quintum
1157 1315 1223 1371 viae
1245 1312 1418 1389 Campanae
1441 1316 1478 1370 ab
1502 1325 1625 1386 utroque

307 1416 400 1475 latere
422 1418 485 1474 viae
508 1437 584 1494 quae
606 1437 683 1476 nunc
705 1428 751 1476 est
778 1418 856 1476 della
877 1417 1033 1491 Mopliano
1058 1418 1134 1473 inter
1161 1434 1264 1474 omnes
1291 1424 1421 1485 constat3
1450 1433 1539 1490 quam
1567 1415 1626 1471 late

306 1519 493 1592 pertinuerit,
521 1521 681 1596 quaeritur.
730 1517 967 1595 Septentrionem
991 1535 1096 1575 versus
1119 1535 1212 1592 usque
1238 1519 1267 1573 in
1291 1518 1456 1575 convallem
1479 1536 1554 1592 quae
1581 1527 1626 1573 est

305 1637 382 1693 pone
409 1623 615 1680 coemeterium
644 1620 814 1680 Generosae
839 1621 969 1698 patuerit
997 1638 1119 1678 necesse
1145 1631 1203 1678 est:
1236 1639 1317 1677 aram
1347 1621 1423 1677 enim
1452 1621 1481 1676 in
1509 1637 1625 1675 summo

304 1721 381 1778 colle
407 1732 552 1798 repertam
581 1743 657 1799 quae
683 1723 788 1799 anguis
815 1724 910 1799 figura
939 1723 1067 1800 insignis
1095 1731 1141 1780 est
1169 1731 1268 1798 utpote
1294 1723 1380 1797 genio
1403 1721 1458 1778 loci
1487 1740 1573 1777 saera
1595 1721 1624 1775 in

304 1824 401 1881 medio
424 1824 491 1881 luco
513 1825 641 1901 positam
664 1827 757 1883 fuisse
780 1825 974 1902 probabiliter
996 1825 1101 1881 statuit
1122 1823 1259 1881 Rossius.
1310 1822 1501 1882 Occidentem
1522 1839 1624 1877 versus

305 1925 380 1982 ultra
395 1926 498 1983 vineae
515 1924 764 1985 Oeccarelliorum
782 1927 855 1984 fines
871 1927 989 2002 prodire
1006 1928 1057 1984 vix
1075 1927 1182 1995 licebit,
1205 1927 1345 2000 quoniam
1366 1926 1499 2001 sepulcra
1518 1925 1623 1981 aetatis

304 2028 375 2084 satis
397 2027 535 2104 antiquae
558 2039 674 2103 reperta
696 2030 815 2086 suntin
844 2029 897 2084 hac
919 2030 985 2103 ipsa
1000 2029 1087 2086 vinea
1108 2038 1137 2085 et
1152 2029 1250 2085 vicina
1265 2027 1489 2084 Molinariorum
1513 2025 1622 2100 (Pelle-

302 2129 378 2205 grini
394 2128 474 2185 Ball.
491 2128 560 2187 dett’
577 2130 651 2187 Iatit.
679 2131 755 2188 1858
778 2150 806 2206 p.
823 2129 926 2203 b-l).
964 2129 1115 2186 Meridiem
1132 2138 1161 2185 et
1175 2129 1307 2187 Tiberim
1325 2146 1427 2185 versus
1449 2146 1508 2202 quo
1532 2145 1623 2202 usqne

302 2233 482 2306 pervenerit,
511 2231 665 2288 diiudicari
694 2233 802 2306 poterit
828 2233 852 2289 si
881 2230 999 2307 quando
1026 2231 1062 2287 de
1092 2233 1156 2287 viae
1184 2230 1352 2305 Campanae
1378 2230 1467 2287 ductu
1496 2231 1624 2286 certiora

302 2332 398 2389 edocti
420 2331 582 2407 erimus²):
606 2333 747 2391 orientem
765 2351 866 2391 versus
884 2334 961 2389 ultra
977 2332 1082 2389 vellem
1098 2350 1174 2406 quae
1195 2332 1290 2389 rivulo
1314 2333 1403 2389 Fosao
1425 2333 1455 2387 di
1475 2332 1622 2406 Affcpnlo-

303 2438 365 2492 eino
387 2434 464 2492 dicto
486 2434 626 2510 irrigatur
648 2437 781 2511 patuisse
804 2454 861 2492 non
883 2435 1067 2492 crediderim.

385 2540 464 2612 Ager
485 2537 532 2593 his
554 2538 662 2595 finibus
684 2537 916 2612 comprehensus
939 2556 1016 2594 nunc
1031 2537 1092 2593 fere
1107 2547 1268 2611 occupatur
1285 2537 1379 2594 vineis
1395 2536 1522 2593 duabus:
1546 2536 1621 2593 inter

301 2638 375 2695 viam
399 2647 545 2695 recentem
568 2650 598 2697 et
619 2639 711 2696 colles
734 2651 780 2696 est
802 2639 888 2696 vinea
909 2638 979 2695 olim
1002 2639 1125 2696 fratrum
1150 2636 1411 2701 Cecearelliorum,
1439 2657 1516 2695 nunc
1539 2638 1619 2694 laco·
1708 2694 1713 2702 ,

301 2739 371 2810 bini,
394 2740 586 2798 celeberrima
605 2741 732 2798 inventis
748 2740 912 2798 tabularum
928 2741 1060 2815 reliqniis
1077 2740 1226 2815 plurimis;
1249 2758 1267 2796 a
1283 2740 1403 2796 meridie
1419 2741 1493 2805 riae,
1516 2740 1552 2795 ed
1567 2740 1619 2797 Ti·

299 2840 391 2897 herim
416 2858 509 2917 usqne
529 2843 698 2900 extenditur
713 2843 798 2899 vinea
812 2842 961 2917 quondam
979 2840 1120 2918 Stephani
1137 2839 1311 2900 Ceccarellii
1332 2861 1410 2899 nunc
1421 2841 1552 2918 Vigncli.
1586 2841 1618 2897 ln

300 2943 385 2999 vinea
407 2943 462 3000 hac
484 2962 575 3018 supra
597 2945 692 3003 solum
715 2944 811 3001 adhuc
834 2945 964 3001 eminent
986 2944 1093 3001 rudera
1115 2943 1240 3001 aedificii
1264 2945 1361 3019 magni
1382 2964 1419 3001 ex
1442 2963 1531 3020 opere
1547 2943 1617 3000 late·

299 3044 370 3100 ricio
392 3046 547 3121 compositi
571 3045 649 3120 quod
673 3046 823 3103 saeculum
847 3045 1007 3102 secundum
1032 3064 1102 3120 prae
1123 3063 1155 3101 se
1177 3046 1234 3103 fert
1249 3046 1294 3102 vel
1319 3047 1446 3102 tertium.
1485 3046 1618 3102 Parietes

298 3147 395 3203 ornati
419 3157 488 3204 sunt
508 3147 650 3205 aediculis
673 3147 882 3205 semirotnudis
905 3147 1122 3222 compluribus:
1149 3149 1247 3204 domni
1271 3157 1323 3203 aut
1346 3148 1433 3205 villae
1456 3148 1541 3204 alieni
1565 3165 1617 3203 eos

298 3247 522 3317 adiudicareris,
545 3249 580 3304 ad
601 3249 701 3306 aedem
719 3268 834 3307 sacram
853 3250 1028 3324 pertinuisse
1046 3250 1206 3326 negaveris.
1240 3249 1444 3324 Tetrastylum
1462 3249 1616 3305 Arvalium

298 3350 326 3406 id
349 3367 416 3406 esse
438 3351 590 3407 contendit
611 3351 825 3428 Pellegrinius‚
853 3364 930 3409 recte
953 3351 1094 3422 so'rtasse3
1123 3371 1159 3408 ex
1185 3351 1395 3426 ichnographia
1421 3353 1458 3407 ah
1486 3371 1520 3407 en
1549 3371 1616 3425 prn-

298 3452 395 3524 posita
418 3453 453 3509 de
477 3453 571 3508 forma
592 3454 716 3511 aedilicii
741 3473 839 3511 rerum
863 3453 987 3510 divinari
1011 3455 1060 3510 vix
1084 3463 1192 3528 potest,
1219 3454 1269 3509 sed
1293 3454 1420 3509 certiora
1442 3472 1530 3528 spero
1553 3453 1615 3508 sore

337 3626 424 3633 ——-
439 3628 473 3632 ..-

374 3736 395 3796 ¹)
416 3737 552 3799 Kiepertus
572 3738 596 3785 in
617 3737 699 3785 forme
719 3739 822 3801 egregia
844 3735 921 3787 Onrtu
946 3739 1101 3803 corcyruficn
1125 3745 1149 3787 et
1171 3736 1346 3803 archeolopr'en
1371 3731 1434 3786 ‹lell'
1456 3736 1535 3787 Itclr'u
1559 3756 1613 3788 eerr-

295 3827 367 3887 trnle,
388 3828 555 3876 similitudine
575 3830 685 3876 nominis
709 3830 829 3893 deeeptus
854 3832 937 3879 lucum
962 3832 1071 3894 signarit
1095 3831 1121 3878 in
1145 3831 1227 3879 altera
1250 3831 1324 3878 vinea
1344 3831 1555 3880 Cerearelliornm
1580 3833 1612 3879 ad

294 3920 441 3968 milliarium
462 3919 515 3968 lere
535 3927 664 3983 quartum
693 3923 784 3969 rectius
804 3923 835 3970 de
855 3922 928 3971 Rossi
949 3922 974 3969 in
995 3921 1082 3970 tabula
1100 3922 1200 3970 adiecta
1218 3923 1375 3971 enarrationi
1395 3924 1541 3971 coemeterii
1562 3922 1611 3973 Ge·

294 4026 409 4073 nerosee,
428 4010 460 4061 a.
476 4008 503 4059 S.
525 4013 574 4060 rol.
589 4013 639 4061 lll.

368 4102 392 4165 ²)
417 4104 572 4152 Lancianins
601 4104 734 4162 (relazr'one
758 4122 782 4169 p.
806 4106 865 4165 106)
896 4114 962 4153 recte
989 4107 1044 4154 sine
1072 4106 1149 4155 dubio
1175 4108 1306 4155 contendit
1330 4108 1395 4155 riam
1421 4110 1540 4156 transisse
1565 4108 1611 4156 sub

292 4197 357 4243 colle
378 4196 446 4244 dieto
466 4193 551 4243 Monte
569 4195 634 4245 delle
653 4195 742 4246 Pir-le:
773 4198 846 4246 valde
871 4197 1037 4260 probabiliter
1061 4199 1148 4246 statuit
1167 4200 1233 4246 riam
1258 4200 1329 4246 errius
1352 4199 1435 4247 siliees
1455 4200 1486 4247 nd
1512 4208 1610 4262 portum

293 4289 380 4335 vineae
401 4287 613 4337 Ceccarelliorum
633 4291 726 4353 reperti
746 4298 812 4350 sunt,
834 4305 885 4339 nou
906 4290 983 4337 luisse
1000 4289 1156 4352 Campanam
1178 4291 1268 4352 ipsam,
1288 4291 1331 4338 sed
1352 4291 1528 4341 diverticulum
1548 4295 1610 4341 eins.

291 4381 380 4442 Neque
404 4388 488 4429 tamen
515 4381 631 4429 assentiri
656 4397 757 4445 possum
782 4383 838 4431 viro
864 4383 1012 4430 doctissimo
1037 4398 1092 4430 cum
1121 4383 1157 4429 itu
1182 4385 1277 4445 pergit:
1311 4382 1337 4430 ln
1364 4381 1491 4449 Campona
1515 4383 1610 4433 durren

290 4473 388 4536 repaire
407 4471 429 4519 r'l
446 4471 522 4536 eiqlio
543 4470 607 4520 delle
626 4473 715 4522 colline
731 4473 938 4540 paralleloruente
958 4473 1012 4522 alla
1030 4472 1148 4522 moderrm
1166 4473 1256 4522 strada
1278 4474 1307 4521 di
1324 4472 1479 4527 Firrnrim'no:
1504 4476 1610 4526 Inridere

291 4564 317 4611 lu
338 4562 472 4613 Portuenae
491 4581 539 4613 non
558 4565 582 4612 si
600 4564 744 4614 dr'scostnea
764 4565 832 4615 dalle
850 4568 906 4632 ripe
925 4565 967 4615 del
990 4565 1087 4623 Tecere,
1109 4582 1173 4615 corne
1193 4560 1291 4614 ‹l'atrra
1305 4574 1382 4632 parte
1401 4584 1427 4615 ee
1447 4584 1476 4616 ne
1495 4571 1609 4617 aaairarrn

290 4653 424 4721 Proctqrio.
467 4656 571 4705 Frustra
589 4657 657 4704 enim
677 4656 719 4705 uhi
738 4658 878 4722 Procopius
898 4659 923 4707 id
944 4660 1070 4722 expressis
1090 4659 1173 4706 verbis
1193 4668 1296 4707 testetur
1315 4661 1440 4722 quaesivi:
1462 4668 1486 4708 et
1506 4663 1530 4710 in
1551 4665 1607 4711 uni·

290 4762 389 4795 versum
409 4749 451 4798 ria
474 4749 651 4812 antiquissima
671 4749 804 4812 Campana
829 4750 910 4810 (cuius
934 4766 1027 4799 nornen
1051 4752 1153 4799 ductum
1178 4766 1232 4799 esse
1257 4768 1272 4799 a
1292 4751 1390 4815 Campo
1410 4753 1555 4803 Salinarum
1583 4756 1607 4803 in

289 4841 372 4888 littore
393 4842 469 4889 maris
488 4856 567 4904 prope
587 4843 733 4891 Maecarese
758 4842 819 4901 sito,
845 4858 896 4906 quo
916 4844 976 4892 olim
997 4844 1140 4902 liniebatur,
1165 4843 1298 4892 observavi
1323 4841 1422 4892 Notirr'e
1447 4844 1516 4909 deqta·
1538 4850 1610 4895 seori¹

292 4935 358 4981 1888
378 4950 402 4997 p.
418 4932 481 4993 229)
501 4934 637 4981 secundum
660 4933 751 4984 flumen
772 4935 849 4998 plano
869 4935 958 4984 itinere
978 4937 1120 4999 perrexisse
1140 4936 1268 4984 credenda
1287 4946 1330 4993 est,
1357 4937 1504 4985 Portnensis
1523 4947 1607 4987 aetate

288 5024 366 5072 multo
387 5026 527 5088 posteriore
546 5034 614 5074 recto
639 5026 692 5074 lere
717 5029 816 5075 tramite
841 5043 885 5090 per
909 5028 1017 5076 declivia
1041 5030 1165 5078 montium
1191 5028 1268 5077 ducta
1291 5044 1353 5076 esse.
1398 5028 1607 5093 Coniungehstnr

286 5124 391 5179 utraque
411 5132 472 5177 non,
492 5124 519 5165 ut
538 5119 669 5166 contendit
683 5119 847 5173 lisncinnins,
868 5135 945 5182 prope
965 5118 1051 5167 villam
1074 5118 1099 5166 la
1114 5118 1258 5184 diciplinam,
1279 5121 1321 5168 sed
1341 5122 1372 5168 ad
1388 5121 1536 5171 milliarium
1552 5123 1606 5171 fere

286 5208 411 5256 decimum
431 5224 510 5273 prope
532 5208 608 5260 Ponte
630 5209 731 5259 Goleru.
