3472 5828
640 1726 643 1730 ’
709 1710 887 1821 VlAll
931 1706 1312 1823 PVBLICAll.

833 2142 946 2207 PARS
969 2141 1183 2208 suevum.

798 2332 921 2417 VIAE
952 2331 1223 2417 BAETIGAE.

714 2550 737 2606 1.
766 2547 940 2607 Mmsnn
961 2546 1162 2605 ananelo
1187 2567 1215 2622 p.
1234 2547 1305 2605 aaa.

355 2698 421 2766 204
455 2704 634 2774 Villafraaea
661 2705 695 2762 de
721 2705 761 2762 loa
785 2705 907 2780 Barros,
939 2723 972 2760 m
997 2704 1025 2762 el
1044 2702 1126 2779 patio
1152 2703 1198 2762 dal
1222 2702 1333 2781 Goleqio
1360 2704 1394 2763 da
1414 2703 1475 2763 Sua
1496 2704 1569 2764 sose
1590 2700 1673 2786 (mlle

398 2809 520 2868 Herm
544 2808 650 2889 cortes,
675 2804 726 2889 1),
749 2806 817 2867 erebo
838 2809 871 2866 de
890 2806 1016 2885 prestito,
1040 2805 1125 2865 euius
1146 2826 1215 2885 pars
1241 2807 1384 2886 inscripta
1408 2808 1468 2895 alta
1489 2815 1521 2866 et
1542 2808 1606 2869 lata
1628 2818 1673 2868 eat

398 2933 438 2973 m.
464 2915 545 2992 0.68,
568 2913 645 2991 lapis
668 2932 785 2973 craesus
806 2933 845 2972 ιιι.
871 2913 958 2986 0.49;
980 2908 1089 2970 litteris
1111 2930 1186 2971 ιιοιι.
1210 2913 1263 2991 IV,
1286 2910 1355 2971 eltis
1376 2932 1401 2972 o.
1424 2930 1465 2971 m.
1490 2913 1576 2972 0.08.

859 3090 973 3145 ‘'sorro
996 3101 1041 3144 aar
1060 3115 1068 3130 ·
1086 3082 1167 3144 rvs‘

968 3206 1055 3249 saro

355 3366 422 3425 Fita
444 3362 496 3422 bol.
518 3364 551 3421 de
573 3365 602 3423 la
625 3362 717 3422 Acad.
743 3365 829 3421 XXV
857 3365 936 3422 1894
960 3384 988 3439 p.
1012 3365 1061 3442 58,
1087 3365 1126 3420 27
1154 3362 1207 3438 qui
1234 3369 1372 3439 eotypum
1398 3361 1481 3421 misit
1507 3365 1673 3424 admodum

355 3469 523 3527 evanidum.

397 3571 516 3631 Dicitur
538 3570 711 3648 provenisse
734 3572 768 3628 de
790 3572 833 3628 lar
855 3569 981 3648 Perillae,
1012 3570 1065 3629 ubi
1095 3570 1255 3630 Perceiana
1282 3568 1399 3631 mansio
1422 3569 1515 3630 luisse
1541 3573 1676 3634 ereditur

356 3672 431 3756 [itin.
449 3675 594 3734 Antonin.
610 3697 639 3753 p.
658 3678 727 3752 432,
748 3671 791 3755 7);
815 3674 847 3732 in
869 3674 1004 3752 proximo
1027 3675 1093 3734 looo
1116 3677 1142 3733 el
1163 3674 1255 3733 Villar
1275 3682 1393 3752 ponunt
1407 3676 1530 3734 domum
1546 3676 1673 3756 Liberii,

355 3779 449 3855 patria
465 3783 590 3839 Sanctae
605 3779 748 3838 Eulaliae.
787 3778 919 3838 Primum
936 3779 1057 3837 omnino
1080 3781 1136 3837 hoo
1159 3779 1322 3838 miliarium
1344 3787 1397 3857 est,
1423 3781 1504 3855 quod
1526 3780 1673 3862 innotuit,

356 3883 471 3941 itineris
494 3873 541 3941 ‘ab
565 3882 642 3942 ostio
665 3881 798 3940 fluminis
821 3888 905 3941 Anae
928 3883 1091 3940 Emeritam
1113 3870 1219 3956 usque'
1241 3879 1316 3961 (itin.
1341 3882 1486 3942 Antonin.
1511 3903 1541 3960 p.
1561 3888 1637 3963 431,
1656 3889 1672 3945 8

355 3989 471 4065 -432‚
490 3983 528 4067 8).
564 3990 703 4046 Ceterum
719 3986 880 4065 probabile,
905 4007 965 4044 non
982 3994 1108 4063 eertum,
1131 3985 1293 4045 miliarium
1308 3986 1403 4046 fuisse
1425 3989 1504 4045 hunc
1527 3988 1671 4065 lapidem.

358 4120 462 4127 ---—
471 4121 698 4128 ——-———
706 4121 897 4127 -——-———-
904 4122 911 4126 .
936 4120 1673 4130 -—————————-————

765 4237 802 4295 Il.
827 4237 900 4293 VIA
922 4236 1119 4306 AVGVSTA,
1138 4255 1165 4310 p.
1185 4236 1256 4293 992.

355 4411 384 4448 n.
410 4392 502 4449 4705.
528 4395 620 4450 4717.
646 4393 727 4449 4749
759 4393 821 4450 Iam
844 4399 915 4449 sunt
937 4391 1069 4449 Malacae
1093 4389 1124 4447 in
1146 4409 1249 4448 museo
1273 4389 1394 4465 Loring.

396 4558 586 4565 -——--——.
600 4560 706 4566 --.-...
888 4558 1130 4565 --—-——-————--
1148 4558 1263 4564 --------
1292 4559 1383 4565 —-—-
1407 4559 1672 4569 -—-—-.—-

1405 4571 1674 4582 ———-

853 4698 966 4763 rins
994 4698 1167 4763 suarm.

748 4869 860 4953 VIAE
887 4869 1273 4957 TARRAGONENSIS.

439 5067 621 5143 Magnopere
650 5087 765 5145 semper
794 5065 1041 5153 desideravimus,
1071 5074 1105 5127 ut
1132 5066 1256 5127 miliarii
1283 5066 1399 5127 viarum
1422 5089 1439 5126 a
1460 5070 1591 5131 Bracara
1621 5091 1673 5131 ex-

354 5172 489 5231 euntium
513 5173 645 5246 quinque
668 5175 714 5230 vel
736 5172 867 5249 plurium
894 5172 1048 5251 permulti,
1079 5173 1131 5247 qui
1160 5170 1232 5231 olim
1258 5173 1368 5250 reperti
1393 5193 1503 5252 magna
1526 5195 1565 5236 ex
1586 5182 1672 5254 parte

354 5278 450 5336 adhue
480 5284 596 5356 ext-ant,
632 5278 730 5337 denuo
760 5276 1023 5357 investigarentur,
1055 5296 1122 5335 enm
1150 5277 1237 5354 pauci
1264 5284 1393 5356 tantum,
1425 5277 1479 5353 qui
1511 5280 1672 5341 Emeum
