3472 5828
434 1546 523 1659 ΙΠ.
567 1545 1091 1662 TARRAGONENSIS.

685 1829 838 1838 ——

110 1947 227 2087 Quae
264 2020 301 2076 sd
337 2018 550 2095 Portugelliem
587 2019 850 2098 septentrionalem
883 2019 1033 2099 pertinent
1067 2018 1204 2097 regiones
1243 2019 1417 2100 Callaeciae,

107 2122 283 2181 Francisous
305 2123 432 2182 Martius
455 2125 610 2182 Sarmento
633 2143 749 2182 summe
771 2144 839 2183 eum
862 2144 932 2184 eure
952 2122 1152 2201 pervestigare
1178 2123 1276 2200 pergit
1300 2124 1420 2184 adiutus

107 2247 203 2303 nuper
224 2228 261 2285 ob
281 2226 386 2284 amieis
407 2227 530 2304 aliquot,
554 2227 672 2286 Albano
688 2227 804 2286 Bellino
826 2236 858 2287 et
878 2230 911 2289 P.
927 2228 1058 2287 Mertino
1074 2227 1211 2306 Gspells3
1234 2229 1271 2287 de
1293 2248 1420 2303 quorum

109 2329 222 2389 moritis
244 2331 358 2388 dicetur
380 2329 467 2388 infre.
513 2330 659 2406 Reliquae
680 2330 852 2410 provinciae
873 2340 974 2391 vestes
996 2332 1134 2409 regiones
1154 2352 1208 2409 per
1229 2334 1261 2391 P.
1285 2331 1419 2392 Fidelem

109 2435 174 2491 Fits
203 2433 394 2510 potissimum
427 2434 552 2510 eiusque
585 2435 695 2494 amicos
727 2434 959 2514 inscriptionum
991 2435 1166 2496 betinsrum
1199 2454 1289 2495 censs
1321 2438 1420 2494 denuo

109 2538 277 2613 exploratae
300 2546 380 2597 sunt.

363 2807 633 2895 uolvsllvs
663 2810 1169 2898 Bulolulvevffllltvs

518 3024 541 3082 1.
572 3025 721 3084 oerum
742 3025 872 3084 verus
893 3047 922 3104 p.
941 3024 1013 3085 ser.

110 3217 138 3255 n.
157 3198 249 3255 2395.
275 3197 357 3256 2396
380 3195 497 3254 Titulos
519 3197 726 3258 memorabiles
747 3198 780 3258 in
797 3198 921 3258 Paeoe'as
942 3218 1036 3276 prope
1057 3198 1133 3258 Villa
1148 3197 1229 3277 lirul,
1253 3199 1290 3257 de
1313 3196 1421 3272 quibus

152 3300 212 3359 ism
234 3321 322 3377 supra
344 3298 376 3357 in
400 3301 614 3377 supplemento
635 3304 725 3362 verbs
748 3305 846 3363 denuo
869 3303 941 3381 feei,
971 3303 1068 3362 sdhuo
1090 3308 1189 3361 extare
1210 3301 1352 3361 indicavit
1373 3302 1421 3359 lo-

153 3407 262 3481 sephus
288 3402 371 3461 Leite
400 3404 436 3462 de
458 3406 670 3466 Vsscouoellos
692 3407 807 3466 Reviste
835 3405 1025 3484 archeolope'ce
1045 3404 1075 3465 11
1101 3407 1181 3466 1888
1203 3427 1233 3484 p.
1256 3408 1304 3464 50.
1329 3407 1368 3465 69
1392 3414 1423 3464 et

152 3508 364 3586 oArolreolopo
390 3507 583 3586 Portupulsl
608 3513 688 3571 1895
711 3533 741 3590 p.
764 3514 818 3591 38,
847 3510 900 3587 qui
925 3512 1025 3570 looum
1052 3508 1173 3569 visitare
1202 3510 1298 3584 deque
1326 3507 1423 3568 titulis

153 3622 287 3671 accurate
309 3617 418 3672 referre
442 3613 501 3672 sibi
522 3614 687 3693 proposuit.

112 3833 174 3899 107
198 3838 249 3919 (=
265 3840 358 3898 2399.
381 3841 459 3898 Add.
476 3860 505 3916 p.
522 3837 630 3918 XLIV)
653 3840 819 3920 Mamerto,
843 3861 903 3918 rep.
921 3862 946 3900 a.
967 3844 1047 3902 1845
1064 3839 1196 3900 ohiliom.
1214 3843 1230 3898 5
1255 3841 1292 3899 eb
1311 3838 1422 3917 oppido

154 3944 186 4001 in
208 3943 269 4003 situ
291 3945 370 4002 dicto
392 3944 525 4022 mesque'ta
545 3942 588 4021 (ut
609 3966 697 4023 ssepe
720 3946 845 4022 evulgo
867 3946 1055 4023 appellentur
1075 3946 1214 4004 fenorum
1234 3941 1421 4023 parietinae),

155 4069 204 4105 are
226 4068 314 4124 opere
337 4049 503 4125 anaglypho
526 4049 594 4108 rudi
616 4057 728 4128 ornate,
753 4050 812 4108 alte
833 4070 873 4109 m.
900 4053 958 4128 1.5,
981 4050 1042 4108 lete
1063 4047 1141 4108 inire
1164 4052 1245 4108 0.55.

726 4223 808 4267 ιονι

705 4313 830 4370 ortuo

726 4429 808 4471 usx

704 4532 831 4575 nvrrsrr

664 4642 677 4681 s
704 4636 833 4680 ursinus

719 4741 815 4783 ...rs

758 4845 779 4886 n

113 5004 268 5060 Sarmento
296 5000 380 5059 misit
406 4999 584 5077 descriptam
612 5005 747 5061 scemate
773 5019 801 5059 s.
826 5000 922 5079 1884,
953 5004 1093 5079 eotypnnr
1119 5006 1296 5079 expeetsns3
1324 4998 1423 5075 imego

114 5104 194 5164 enim
222 5105 439 5183 photographa,
469 5124 558 5180 quem
586 5104 667 5164 idem
694 5122 791 5183 nuper
816 5100 915 5181 misit,
949 5101 1066 5165 littores
1092 5102 1208 5166 iusim
1233 5103 1331 5183 pietas
1359 5122 1424 5163 esse

113 5217 245 5286 tempore
267 5207 381 5268 recenti
403 5207 476 5269 setis
497 5208 641 5286 inperite.
