3472 5828
310 502 381 571 298
920 521 1017 570 Actu

308 694 467 767 scripsisse
481 711 592 767 eosque
611 695 667 749 iam
685 693 862 767 respondere
884 693 919 747 de
941 693 987 749 his
1010 693 1148 750 omnibus
1169 691 1356 749 statuendum
1373 709 1440 749 esse
1455 690 1529 768 ipsis
1544 685 1647 767 prae'

308 795 441 851 sentibus
463 815 481 850 a
503 795 640 871 collegio.

391 913 431 983 ΙΙ,
446 914 556 971 7-14.
594 912 765 972 Sortitiouis
784 915 860 971 diem
883 914 1083 989 supplevimus
1107 932 1143 969 ex
1169 912 1208 975 ΙΙ,
1225 913 1252 970 3.
1290 912 1466 988 [Sorticalis]
1487 917 1632 987 inspectis,

308 1024 374 1072 acta
400 1017 484 1073 aiunt
512 1015 557 1086 ΙΙ,
577 1017 626 1085 ΙΙ,
659 1027 684 1073 et
709 1020 739 1073 in
765 1035 868 1073 arnum
899 1019 993 1072 rotatis
1023 1032 1085 1071 sora
1113 1015 1209 1071 habita
1236 1024 1288 1084 cat,
1323 1016 1370 1071 ubi
1400 1033 1465 1072 sors
1493 1024 1538 1072 est
1564 1016 1633 1089 ipsa

309 1119 425 1175 sortitio
451 1128 568 1193 praeter
593 1119 844 1176 consuetudinem.
893 1118 925 1174 ln
954 1117 1011 1174 fine
1040 1115 1083 1184 ΙΙ,
1109 1117 1143 1172 14
1171 1128 1241 1191 post
1266 1116 1401 1190 sortib[us
1428 1116 1532 1191 ductis]
1559 1116 1633 1191 quid

308 1232 440 1277 secutum
468 1220 522 1286 sit,
550 1238 653 1294 parum
680 1230 813 1295 apparet.
836 1252 873 1261 -
902 1220 934 1275 lu
961 1218 1095 1291 reliquiis
1122 1235 1197 1291 quas
1221 1218 1363 1276 habemus
1386 1220 1515 1294 quinque
1537 1219 1631 1275 tribu·

309 1321 389 1378 nalia
417 1331 630 1390 memorantur,
665 1322 790 1395 primum
823 1321 867 1390 ΙΙ,
894 1323 924 1378 ll
962 1319 1135 1376 in·l‘clutio
1164 1319 1357 1393 depasturum
1384 1340 1431 1378 nn.
1462 1320 1540 1395 qaod
1566 1320 1631 1394 [est]

405 1423 564 1480 secundum
595 1422 637 1492 ΙΙ,
657 1421 692 1479 lt
719 1421 911 1498 applicidarn]
1016 1421 1138 1495 reliquis
1161 1419 1378 1493 deficientibus,
1406 1423 1521 1479 tertium
1545 1441 1632 1478 versu

307 1525 410 1600 eodem
426 1524 515 1600 [quod
532 1524 585 1599 0th
604 1525 644 1581 ad
659 1524 777 1582 Romam
795 1525 976 1599 qtmdratum,
999 1533 1136 1598 quartum
1156 1514 1197 1588 ΙΙ,
1211 1524 1248 1581 13
1268 1533 1332 1580 ante
1346 1524 1443 1581 aeden
1458 1566 1464 1578 .
1479 1567 1486 1580 .
1500 1565 1524 1592 .,
1546 1527 1633 1598 quin-

309 1637 366 1691 tum
394 1647 423 1684 v.
449 1626 550 1683 codem
578 1627 647 1683 item
675 1636 739 1683 ante
764 1625 885 1700 addam]
908 1667 1018 1684 ......
1063 1624 1209 1683 Tribunal
1232 1624 1318 1696 illud,
1345 1624 1424 1701 quod
1447 1626 1542 1701 primo
1566 1626 1633 1682 loco

308 1729 536 1793 nominavimus,
558 1738 588 1785 et
606 1727 676 1784 alibi
699 1738 876 1785 memoratur
894 1726 1086 1801 (Staatsrccltt
1096 1720 1132 1783 2³
1152 1747 1179 1801 p.
1193 1725 1268 1801 983)
1283 1737 1312 1782 et
1327 1734 1403 1785 teste
1418 1725 1517 1784 Dione
1530 1728 1579 1798 55,
1592 1726 1631 1784 22

309 1832 465 1905 Augustus
487 1848 579 1887 senex
605 1830 776 1905 plerumque
798 1831 845 1887 ius
868 1830 944 1887 dixit
965 1828 993 1885 ἐν
1014 1829 1055 1905 τῷ
1077 1822 1208 1901 Παλατίῳ
1231 1817 1274 1883 ἐπὶ
1297 1819 1429 1896 βήματος
1449 1824 1633 1908 προκαθήμε-

307 1952 361 1990 νος.
398 1932 494 1988 Roma
513 1931 657 2006 quadrata
675 1933 704 1988 in
728 1931 866 1988 Palatino
885 1942 952 1989 ante
972 1929 1074 1988 aedem
1091 1930 1243 2006 Apollinis
1264 1938 1334 1986 nota
1354 1937 1400 1985 est
1419 1929 1550 2005 (Becker
1570 1940 1632 2007 top.

309 2054 336 2108 p.
353 2032 418 2089 106.
436 2032 518 2106 427).
565 2033 599 2090 ln
627 2034 712 2091 tertio
739 2033 880 2091 tribunali
907 2052 972 2090 cum
994 2033 1135 2108 reliquiae
1157 2032 1316 2090 ostendant
1338 2033 1487 2090 minimum
1511 2041 1572 2089 tros
1594 2051 1632 2089 ex

307 2135 433 2210 collegio
460 2135 655 2192 distribuendi
683 2134 780 2191 officio
803 2135 920 2192 functos
943 2153 1025 2199 esse,
1054 2134 1144 2191 verba
1166 2135 1265 2192 lacera
1287 2134 1323 2189 ad
1347 2134 1471 2191 eandem
1493 2135 1633 2192 distribu-

308 2238 415 2293 tionem
439 2237 606 2311 spectantia
627 2236 717 2308 111,3
741 2256 759 2292 u
784 2236 876 2294 VIIII
893 2241 923 2294 in
941 2236 1009 2293 XII
1031 2256 1096 2292 cum
1120 2235 1156 2294 de
1178 2235 1260 2293 horis
1283 2236 1439 2293 viduantur
1460 2234 1634 2311 accipienda

308 2356 385 2408 esse,
409 2338 566 2395 verisimile
588 2339 692 2395 estad
716 2339 884 2414 exemplum
906 2339 1070 2413 vigiliarum
1094 2349 1301 2395 nocturnarum
1325 2338 1450 2413 singulis
1471 2337 1633 2395 sacerdoti·

309 2441 363 2497 bus
386 2448 486 2497 ternas
510 2440 597 2496 boras
619 2439 704 2496 datas
727 2458 792 2497 esse
815 2441 915 2514 itaque
936 2441 966 2497 in
990 2441 1113 2516 siugulis
1136 2441 1335 2497 tribunalibus
1354 2450 1514 2515 quaternos
1533 2458 1633 2497 sacer·

309 2543 393 2598 dotes
416 2540 584 2599 suffimenta
606 2541 803 2600 distribuisse.

393 2660 433 2729 ΙΙ,
455 2659 593 2719 lt-tt.

391 2763 529 2820 Edictum
552 2764 736 2839 propositum
759 2765 796 2821 sit
819 2782 940 2822 necesse
965 2776 1013 2823 est
1038 2766 1106 2823 item
1133 2764 1181 2821 die
1203 2765 1271 2822 Mai.
1290 2764 1328 2822 25
1350 2773 1453 2840 utpote
1475 2764 1632 2838 interposi-

309 2877 368 2923 tum
392 2867 469 2922 inter
490 2875 556 2922 acta
577 2865 690 2922 dierum
716 2865 785 2923 Mai.
802 2865 840 2922 25
863 2865 921 2941 (ΙΙ,
938 2866 964 2923 3.
983 2867 1016 2942 7)
1038 2877 1068 2922 et
1089 2867 1159 2924 Mai.
1176 2864 1214 2923 26
1238 2866 1295 2939 (ΙΙ,
1311 2863 1381 2940 22);
1409 2865 1510 2922 habuit
1533 2873 1632 2922 autem

309 2967 411 3025 titulos
439 2968 647 3042 imperatorum
676 2968 762 3024 etiam
791 2968 936 3042 pleniores
963 2987 1050 3043 quam
1074 2969 1194 3026 suntin
1218 2967 1464 3043 praescriptione,
1489 2986 1554 3024 cum
1583 2966 1634 3023 ud-

308 3069 369 3126 sint
395 3070 422 3126 in
446 3066 556 3128 Severo
579 3080 664 3144 pater
686 3071 808 3143 patriae,
838 3070 866 3126 in
888 3070 1040 3128 Antonino
1063 3070 1222 3127 tribunicia
1242 3080 1374 3144 potestas
1398 3080 1427 3127 et
1449 3068 1631 3126 consulatus.

307 3171 418 3229 Invitat
440 3172 520 3228 cives
543 3169 579 3226 ad
603 3170 688 3227 ludos
710 3170 956 3247 frequentandos;
983 3172 1077 3242 addit,
1104 3190 1140 3228 ne
1166 3172 1234 3247 quis
1256 3171 1440 3239 excludatur,
1468 3169 1634 3228 clausulam

308 3273 344 3328 de
367 3273 528 3330 abolitione
551 3290 666 3329 reorum
689 3275 870 3348 temporaria
891 3274 995 3348 (supra
1013 3294 1039 3348 p.
1053 3272 1137 3347 297).
1174 3273 1335 3330 Praeterea
1356 3282 1477 3348 propter
1499 3271 1635 3328 incendia

308 3374 412 3450 opinor
436 3374 621 3448 potissimum
649 3374 787 3431 admonet
813 3374 965 3449 [dlonvt'noa
991 3375 1127 3449 orbanda
1150 3385 1316 3431 et....eos
1343 3374 1465 3449 qaoq]ce
1492 3377 1541 3449 qui
1562 3392 1633 3429 rum-

308 3478 373 3534 ccde
399 3476 527 3533 hubitant
550 3479 578 3531 in
600 3474 739 3550 sanctitudo
759 3479 902 3549 seriarum
923 3478 1040 3533 illarum
1062 3489 1092 3534 ut
1113 3496 1170 3533 rana
1193 3496 1255 3533 carn
1277 3476 1424 3550 ruib']tr'bua
1445 3479 1550 3532 nostris
1577 3479 1633 3532 cir-

307 3579 496 3635 cumeuntibus
518 3577 688 3652 [repperiunt
710 3579 825 3635 tutelam
847 3577 1006 3653 [diligenter
1027 3577 1243 3653 adoaia-istrael}

390 3716 431 3787 ΙΙ,
448 3714 588 3774 22—29.
612 3715 668 3787 ΙΙΙ,
688 3717 774 3775 1-4.

391 3817 566 3875 Sulfinventa
591 3816 728 3876 XVviris
755 3820 980 3876 subministrant
1005 3821 1200 3895 imperatores
1227 3819 1393 3895 adsumptis
1417 3819 1545 3875 fortasse
1572 3818 1634 3874 col·

311 3922 383 3995 legis
406 3919 583 3994 quibusdam
608 3923 636 3975 in
658 3939 728 3976 urea
750 3923 830 3977 aedis
849 3921 1005 3995 Apollinis.
1046 3921 1163 3978 Deinde
1186 3920 1250 3995 [dlvi
1270 3921 1377 3977 relictis
1400 3920 1522 3996 collegis
1546 3920 1633 3977 mini-

309 4041 386 4078 mum
410 4021 535 4091 duobus,
557 4022 687 4078 fortasse
708 4032 739 4078 ut
758 4041 823 4078 cum
844 4041 919 4096 opus
939 4032 1020 4079 esset
1038 4022 1285 4079 distribuentibus
1305 4023 1542 4080 suffimentorum
1563 4039 1632 4095 sup·

309 4124 456 4198 plementa
484 4123 722 4199 suppeditarent,
748 4128 830 4181 ceteri
853 4123 886 4179 X
892 4124 977 4181 1Ιυίνί
1001 4126 1178 4199 praetextati
1202 4125 1263 4182 suis
1286 4126 1410 4199 quisque
1433 4123 1633 4181 tribunalibus

310 4225 420 4300 populo
443 4244 479 4279 ea
501 4224 646 4281 dividunt.
684 4224 716 4281 Id
742 4226 789 4282 ubi
813 4225 936 4282 fecerint
958 4225 1066 4302 singuli
1091 4238 1119 4281 et
1141 4246 1194 4301 per
1216 4244 1290 4301 quas
1314 4227 1402 4282 horas
1422 4226 1521 4282 officio
1541 4226 1632 4281 functi

309 4327 382 4393 sint,
412 4326 441 4381 in
465 4326 538 4382 actis
561 4326 676 4383 videtur
698 4329 892 4403 perscriptum
917 4327 1024 4397 luisse,
1055 4328 1106 4384 sed
1135 4329 1276 4403 reliquiae
1305 4329 1433 4384 minutae
1460 4346 1524 4383 eum
1555 4326 1633 4401 frag·

310 4429 397 4485 menti
421 4427 450 4485 ΙΙ
477 4439 613 4484 extrema
635 4439 694 4485 tum
719 4428 765 4486 ΙΙΙ
792 4430 887 4505 prima
914 4449 1017 4505 parum
1047 4430 1269 4506 intelleguntur,
1299 4448 1353 4486 trec
1379 4429 1472 4503 umgis
1495 4437 1632 4503 apparet,

308 4530 377 4604 quid
402 4531 477 4586 inter
499 4530 557 4587 duo
579 4550 615 4587 ea
636 4531 801 4608 fragmenta
824 4530 1014 4588 interciderit.

393 4648 449 4718 ΙΙΙ,
465 4651 581 4706 4-15.

393 4750 600 4809 Caerimoniae
622 4770 698 4826 quae
722 4753 779 4808 iarn
803 4761 979 4810 enarrantur
1000 4753 1135 4810 videntur
1157 4753 1251 4810 sactae
1270 4771 1335 4809 esse
1350 4753 1398 4809 die
1413 4752 1482 4820 alio,
1506 4751 1633 4808 tortasse

309 4854 457 4928 sequeuti3
480 4854 508 4910 in
533 4854 664 4928 reliquiis
685 4864 816 4911 actorum
837 4873 902 4910 cum
923 4854 987 4912 dics
1007 4864 1075 4930 post
1093 4874 1119 4911 a.
1136 4855 1163 4912 d.
1178 4855 1235 4912 v11
1251 4856 1279 4911 k.
1298 4854 1361 4910 lun.
1386 4854 1440 4929 (ΙΙ,
1458 4853 1509 4927 22)
1532 4853 1633 4910 nullus

309 4955 437 5029 supersit
463 4956 544 5030 (nam
644 4954 800 5029 [M]artr'ua
826 4955 919 5026 VI,3
949 4957 978 5012 in
1005 4958 1183 5013 contrarium
1212 4976 1269 5014 non
1296 4955 1508 5033 adlegabitur),
1535 4956 1632 5030 ipsum

309 5056 438 5113 triduum
461 5057 539 5131 quod
563 5056 660 5126 suerit,
683 5057 867 5133 ignoramus3
895 5059 957 5115 fieri
981 5069 1088 5132 potest.
1112 5067 1143 5114 ut
1165 5078 1216 5134 per
1238 5058 1357 5117 cosdem
1381 5059 1444 5116 dies
1467 5058 1633 5115 saecularia

309 5157 486 5219 celebrarint
508 5178 582 5232 quos
604 5161 757 5216 cvruutiant
779 5171 845 5216 acta
868 5162 1013 5237 Augusta.
1060 5161 1207 5234 lucipiuut
1229 5182 1247 5217 a
1269 5161 1438 5236 precatione
1461 5162 1573 5218 directa
1595 5161 1632 5216 ad
