<?xml version="1.0" encoding="UTF-8"?>
<!DOCTYPE html PUBLIC "-//W3C//DTD XHTML 1.0 Transitional//EN"
    "http://www.w3.org/TR/xhtml1/DTD/xhtml1-transitional.dtd">
<html xmlns="http://www.w3.org/1999/xhtml" xml:lang="en" lang="en">
 <head>
  <title>
</title>
<meta http-equiv="Content-Type" content="text/html;charset=utf-8" />
  <meta name='ocr-system' content='tesseract 3.04.00' />
  <meta name='ocr-capabilities' content='ocr_page ocr_carea ocr_par ocr_line ocrx_word'/>
</head>
<body>
  <div class='ocr_page' id='page_1' title='image "./ephemerisepigra00instgoog_0266.png"; bbox 0 0 3472 5828; ppageno 0'>
   <div class='ocr_carea' id='block_1_1' title="bbox 521 541 1420 615">
    <p class='ocr_par' dir='ltr' id='par_1_1' title="bbox 521 541 1420 615">
     <span class='ocr_line' id='line_1_1' title="bbox 521 541 1420 615; baseline -0.001 -2"><span class='ocrx_word' id='word_1_1' title='bbox 521 561 698 615; x_wconf 82' lang='lat' dir='ltr'>nvnoavu</span> <span class='ocrx_word' id='word_1_2' title='bbox 724 560 994 614; x_wconf 76' lang='lat' dir='ltr'>saacvnumvu.</span> <span class='ocrx_word' id='word_1_3' title='bbox 1349 541 1420 612; x_wconf 81' lang='grc'>257</span> 
     </span>
    </p>
   </div>
   <div class='ocr_carea' id='block_1_2' title="bbox 106 663 359 675">
    <p class='ocr_par' dir='ltr' id='par_1_2' title="bbox 106 663 359 675">
     <span class='ocr_line' id='line_1_2' title="bbox 106 663 359 675; baseline -0.004 -3"><span class='ocrx_word' id='word_1_4' title='bbox 106 663 158 675; x_wconf 79' lang='grc'>...-</span> <span class='ocrx_word' id='word_1_5' title='bbox 168 663 359 672; x_wconf 81' lang='grc'><strong><em>...---...-</em></strong></span> 
     </span>
    </p>
   </div>
   <div class='ocr_carea' id='block_1_3' title="bbox 49 732 1441 2657">
    <p class='ocr_par' dir='ltr' id='par_1_3' title="bbox 49 732 1438 1938">
     <span class='ocr_line' id='line_1_3' title="bbox 102 732 1431 812; baseline -0.002 -18"><span class='ocrx_word' id='word_1_6' title='bbox 102 755 153 794; x_wconf 86' lang='lat' dir='ltr'>eaa</span> <span class='ocrx_word' id='word_1_7' title='bbox 175 736 308 806; x_wconf 85' lang='lat' dir='ltr'>desinat,</span> <span class='ocrx_word' id='word_1_8' title='bbox 336 735 433 793; x_wconf 86' lang='lat' dir='ltr'>media</span> <span class='ocrx_word' id='word_1_9' title='bbox 461 735 550 794; x_wconf 87' lang='lat' dir='ltr'>habet</span> <span class='ocrx_word' id='word_1_10' title='bbox 576 755 653 812; x_wconf 89' lang='lat' dir='ltr'>quae</span> <span class='ocrx_word' id='word_1_11' title='bbox 679 756 738 795; x_wconf 89' lang='lat' dir='ltr'>non</span> <span class='ocrx_word' id='word_1_12' title='bbox 765 737 947 795; x_wconf 86' lang='lat' dir='ltr'>conveniunt</span> <span class='ocrx_word' id='word_1_13' title='bbox 969 736 1027 794; x_wconf 88' lang='lat' dir='ltr'>nisi</span> <span class='ocrx_word' id='word_1_14' title='bbox 1054 735 1111 794; x_wconf 91' lang='lat' dir='ltr'>diis</span> <span class='ocrx_word' id='word_1_15' title='bbox 1135 732 1324 810; x_wconf 77' lang='lat' dir='ltr'>Capitolinis.</span> <span class='ocrx_word' id='word_1_16' title='bbox 1367 734 1431 792; x_wconf 84' lang='lat' dir='ltr'>Eos</span> 
     </span>
     <span class='ocr_line' id='line_1_4' title="bbox 101 836 1434 916; baseline -0.002 -20"><span class='ocrx_word' id='word_1_17' title='bbox 101 839 190 910; x_wconf 89' lang='lat' dir='ltr'>enim,</span> <span class='ocrx_word' id='word_1_18' title='bbox 213 855 291 914; x_wconf 90' lang='lat' dir='ltr'>quos</span> <span class='ocrx_word' id='word_1_19' title='bbox 313 836 399 896; x_wconf 80' lang='lat' dir='ltr'>bobus</span> <span class='ocrx_word' id='word_1_20' title='bbox 422 850 571 897; x_wconf 80' lang='lat' dir='ltr'>ueneratur</span> <span class='ocrx_word' id='word_1_21' title='bbox 592 839 667 897; x_wconf 82' lang='lat' dir='ltr'>albia</span> <span class='ocrx_word' id='word_1_22' title='bbox 689 841 853 916; x_wconf 89' lang='lat' dir='ltr'>Augustus,</span> <span class='ocrx_word' id='word_1_23' title='bbox 880 857 948 897; x_wconf 90' lang='lat' dir='ltr'>esse</span> <span class='ocrx_word' id='word_1_24' title='bbox 971 836 1159 915; x_wconf 91' lang='lat' dir='ltr'>Capitolinos</span> <span class='ocrx_word' id='word_1_25' title='bbox 1181 837 1238 894; x_wconf 90' lang='lat' dir='ltr'>etsi</span> <span class='ocrx_word' id='word_1_26' title='bbox 1260 845 1351 912; x_wconf 87' lang='lat' dir='ltr'>poeta</span> <span class='ocrx_word' id='word_1_27' title='bbox 1374 854 1434 893; x_wconf 93' lang='lat' dir='ltr'>non</span> 
     </span>
     <span class='ocr_line' id='line_1_5' title="bbox 103 939 1434 1018; baseline -0.002 -20"><span class='ocrx_word' id='word_1_28' title='bbox 103 941 189 1011; x_wconf 87' lang='lat' dir='ltr'>dixit,</span> <span class='ocrx_word' id='word_1_29' title='bbox 212 942 279 999; x_wconf 87' lang='lat' dir='ltr'>ideo</span> <span class='ocrx_word' id='word_1_30' title='bbox 298 940 376 1016; x_wconf 89' lang='lat' dir='ltr'>quod</span> <span class='ocrx_word' id='word_1_31' title='bbox 393 960 493 998; x_wconf 91' lang='lat' dir='ltr'>eorum</span> <span class='ocrx_word' id='word_1_32' title='bbox 515 944 654 1018; x_wconf 90' lang='lat' dir='ltr'>propriae</span> <span class='ocrx_word' id='word_1_33' title='bbox 676 950 745 1000; x_wconf 89' lang='lat' dir='ltr'>sunt</span> <span class='ocrx_word' id='word_1_34' title='bbox 759 942 896 999; x_wconf 84' lang='lat' dir='ltr'>victimae</span> <span class='ocrx_word' id='word_1_35' title='bbox 918 940 1029 1016; x_wconf 90' lang='lat' dir='ltr'>illae¹)</span> <span class='ocrx_word' id='word_1_36' title='bbox 1052 941 1089 998; x_wconf 87' lang='lat' dir='ltr'>ab</span> <span class='ocrx_word' id='word_1_37' title='bbox 1112 941 1150 998; x_wconf 93' lang='lat' dir='ltr'>iis</span> <span class='ocrx_word' id='word_1_38' title='bbox 1172 939 1360 998; x_wconf 82' lang='lat' dir='ltr'>nominandis</span> <span class='ocrx_word' id='word_1_39' title='bbox 1384 939 1434 996; x_wconf 87' lang='lat' dir='ltr'>ab·</span> 
     </span>
     <span class='ocr_line' id='line_1_6' title="bbox 103 1041 1437 1118; baseline -0.001 -17"><span class='ocrx_word' id='word_1_40' title='bbox 103 1043 218 1114; x_wconf 89' lang='lat' dir='ltr'>stinuit,</span> <span class='ocrx_word' id='word_1_41' title='bbox 244 1042 419 1118; x_wconf 83' lang='lat' dir='ltr'>sublataque</span> <span class='ocrx_word' id='word_1_42' title='bbox 443 1052 489 1101; x_wconf 88' lang='lat' dir='ltr'>est</span> <span class='ocrx_word' id='word_1_43' title='bbox 510 1042 546 1100; x_wconf 88' lang='lat' dir='ltr'>de</span> <span class='ocrx_word' id='word_1_44' title='bbox 568 1063 604 1100; x_wconf 89' lang='lat' dir='ltr'>ea</span> <span class='ocrx_word' id='word_1_45' title='bbox 626 1062 657 1101; x_wconf 89' lang='lat' dir='ltr'>re</span> <span class='ocrx_word' id='word_1_46' title='bbox 681 1043 827 1102; x_wconf 75' lang='lat' dir='ltr'>dubitatio</span> <span class='ocrx_word' id='word_1_47' title='bbox 850 1043 948 1102; x_wconf 90' lang='lat' dir='ltr'>omnis</span> <span class='ocrx_word' id='word_1_48' title='bbox 971 1043 1045 1100; x_wconf 91' lang='lat' dir='ltr'>actis</span> <span class='ocrx_word' id='word_1_49' title='bbox 1069 1042 1233 1118; x_wconf 78' lang='lat' dir='ltr'>patefactis.</span> <span class='ocrx_word' id='word_1_50' title='bbox 1279 1041 1385 1117; x_wconf 89' lang='lat' dir='ltr'>ltaque</span> <span class='ocrx_word' id='word_1_51' title='bbox 1408 1052 1437 1099; x_wconf 89' lang='lat' dir='ltr'>et</span> 
     </span>
     <span class='ocr_line' id='line_1_7' title="bbox 104 1144 1437 1223; baseline -0.001 -20"><span class='ocrx_word' id='word_1_52' title='bbox 104 1154 237 1204; x_wconf 88' lang='lat' dir='ltr'>actorum</span> <span class='ocrx_word' id='word_1_53' title='bbox 261 1144 297 1203; x_wconf 88' lang='lat' dir='ltr'>de</span> <span class='ocrx_word' id='word_1_54' title='bbox 320 1146 386 1202; x_wconf 93' lang='lat' dir='ltr'>loco</span> <span class='ocrx_word' id='word_1_55' title='bbox 410 1147 528 1202; x_wconf 91' lang='lat' dir='ltr'>testatio</span> <span class='ocrx_word' id='word_1_56' title='bbox 552 1146 667 1223; x_wconf 89' lang='lat' dir='ltr'>etipsa</span> <span class='ocrx_word' id='word_1_57' title='bbox 690 1154 796 1221; x_wconf 89' lang='lat' dir='ltr'>poetae</span> <span class='ocrx_word' id='word_1_58' title='bbox 816 1146 952 1204; x_wconf 87' lang='lat' dir='ltr'>sollertia</span> <span class='ocrx_word' id='word_1_59' title='bbox 974 1155 1026 1203; x_wconf 90' lang='lat' dir='ltr'>aut</span> <span class='ocrx_word' id='word_1_60' title='bbox 1047 1145 1207 1203; x_wconf 87' lang='lat' dir='ltr'>admittunt</span> <span class='ocrx_word' id='word_1_61' title='bbox 1229 1154 1280 1202; x_wconf 90' lang='lat' dir='ltr'>aut</span> <span class='ocrx_word' id='word_1_62' title='bbox 1296 1144 1370 1201; x_wconf 88' lang='lat' dir='ltr'>adeo</span> <span class='ocrx_word' id='word_1_63' title='bbox 1393 1163 1437 1202; x_wconf 88' lang='lat' dir='ltr'>re·</span> 
     </span>
     <span class='ocr_line' id='line_1_8' title="bbox 49 1247 1437 1325; baseline -0.001 -21"><span class='ocrx_word' id='word_1_64' title='bbox 49 1319 53 1325; x_wconf 35' lang='lat'>,</span> <span class='ocrx_word' id='word_1_65' title='bbox 105 1248 239 1322; x_wconf 86' lang='lat' dir='ltr'>quirunt,</span> <span class='ocrx_word' id='word_1_66' title='bbox 268 1258 298 1305; x_wconf 92' lang='lat' dir='ltr'>ut</span> <span class='ocrx_word' id='word_1_67' title='bbox 324 1267 443 1306; x_wconf 88' lang='lat' dir='ltr'>carmen</span> <span class='ocrx_word' id='word_1_68' title='bbox 471 1256 635 1306; x_wconf 87' lang='lat' dir='ltr'>statuamus</span> <span class='ocrx_word' id='word_1_69' title='bbox 661 1257 810 1308; x_wconf 88' lang='lat' dir='ltr'>cantatum</span> <span class='ocrx_word' id='word_1_70' title='bbox 838 1266 907 1307; x_wconf 88' lang='lat' dir='ltr'>esse</span> <span class='ocrx_word' id='word_1_71' title='bbox 929 1268 947 1307; x_wconf 94' lang='lat' dir='ltr'>a</span> <span class='ocrx_word' id='word_1_72' title='bbox 969 1249 1069 1306; x_wconf 86' lang='lat' dir='ltr'>choris</span> <span class='ocrx_word' id='word_1_73' title='bbox 1095 1247 1233 1305; x_wconf 86' lang='lat' dir='ltr'>sollemni</span> <span class='ocrx_word' id='word_1_74' title='bbox 1264 1265 1373 1323; x_wconf 90' lang='lat' dir='ltr'>pompa</span> <span class='ocrx_word' id='word_1_75' title='bbox 1399 1265 1437 1303; x_wconf 86' lang='lat' dir='ltr'>ex</span> 
     </span>
     <span class='ocr_line' id='line_1_9' title="bbox 104 1348 1437 1427; baseline -0.002 -20"><span class='ocrx_word' id='word_1_76' title='bbox 104 1348 223 1407; x_wconf 87' lang='lat' dir='ltr'>Palatio</span> <span class='ocrx_word' id='word_1_77' title='bbox 247 1349 284 1406; x_wconf 92' lang='lat' dir='ltr'>ad</span> <span class='ocrx_word' id='word_1_78' title='bbox 308 1348 489 1424; x_wconf 84' lang='lat' dir='ltr'>Capitolium</span> <span class='ocrx_word' id='word_1_79' title='bbox 517 1352 709 1427; x_wconf 85' lang='lat' dir='ltr'>pergentibus</span> <span class='ocrx_word' id='word_1_80' title='bbox 732 1359 761 1409; x_wconf 86' lang='lat' dir='ltr'>et</span> <span class='ocrx_word' id='word_1_81' title='bbox 788 1351 856 1410; x_wconf 90' lang='lat' dir='ltr'>inde</span> <span class='ocrx_word' id='word_1_82' title='bbox 882 1350 1074 1409; x_wconf 85' lang='lat' dir='ltr'>redeuntibus</span> <span class='ocrx_word' id='word_1_83' title='bbox 1097 1350 1134 1407; x_wconf 90' lang='lat' dir='ltr'>ad</span> <span class='ocrx_word' id='word_1_84' title='bbox 1158 1349 1262 1408; x_wconf 86' lang='lat' dir='ltr'>aedem</span> <span class='ocrx_word' id='word_1_85' title='bbox 1285 1348 1437 1425; x_wconf 83' lang='lat' dir='ltr'>Apollinis</span> 
     </span>
     <span class='ocr_line' id='line_1_10' title="bbox 104 1450 1435 1530; baseline -0.002 -21"><span class='ocrx_word' id='word_1_86' title='bbox 104 1450 285 1510; x_wconf 86' lang='lat' dir='ltr'>Palatinam.</span> <span class='ocrx_word' id='word_1_87' title='bbox 331 1451 458 1510; x_wconf 84' lang='lat' dir='ltr'>Carmen</span> <span class='ocrx_word' id='word_1_88' title='bbox 481 1452 529 1527; x_wconf 90' lang='lat' dir='ltr'>qui</span> <span class='ocrx_word' id='word_1_89' title='bbox 557 1453 643 1528; x_wconf 87' lang='lat' dir='ltr'>legit,</span> <span class='ocrx_word' id='word_1_90' title='bbox 670 1454 756 1525; x_wconf 89' lang='lat' dir='ltr'>deos,</span> <span class='ocrx_word' id='word_1_91' title='bbox 786 1455 837 1529; x_wconf 93' lang='lat' dir='ltr'>qui</span> <span class='ocrx_word' id='word_1_92' title='bbox 866 1472 919 1528; x_wconf 89' lang='lat' dir='ltr'>pro</span> <span class='ocrx_word' id='word_1_93' title='bbox 941 1452 1071 1512; x_wconf 87' lang='lat' dir='ltr'>Romula</span> <span class='ocrx_word' id='word_1_94' title='bbox 1098 1461 1184 1530; x_wconf 82' lang='lat' dir='ltr'>genta</span> <span class='ocrx_word' id='word_1_95' title='bbox 1207 1452 1384 1509; x_wconf 84' lang='lat' dir='ltr'>invocantur</span> <span class='ocrx_word' id='word_1_96' title='bbox 1406 1451 1435 1508; x_wconf 89' lang='lat' dir='ltr'>in</span> 
     </span>
     <span class='ocr_line' id='line_1_11' title="bbox 105 1553 1437 1632; baseline -0.002 -21"><span class='ocrx_word' id='word_1_97' title='bbox 105 1554 203 1612; x_wconf 88' lang='lat' dir='ltr'>medio</span> <span class='ocrx_word' id='word_1_98' title='bbox 225 1573 271 1625; x_wconf 93' lang='lat' dir='ltr'>eo,</span> <span class='ocrx_word' id='word_1_99' title='bbox 294 1556 452 1630; x_wconf 88' lang='lat' dir='ltr'>quominus</span> <span class='ocrx_word' id='word_1_100' title='bbox 476 1555 583 1612; x_wconf 86' lang='lat' dir='ltr'>habeat</span> <span class='ocrx_word' id='word_1_101' title='bbox 605 1573 659 1630; x_wconf 89' lang='lat' dir='ltr'>pro</span> <span class='ocrx_word' id='word_1_102' title='bbox 676 1556 817 1630; x_wconf 81' lang='lat' dir='ltr'>Apolline</span> <span class='ocrx_word' id='word_1_103' title='bbox 839 1565 869 1613; x_wconf 92' lang='lat' dir='ltr'>et</span> <span class='ocrx_word' id='word_1_104' title='bbox 883 1556 992 1624; x_wconf 90' lang='lat' dir='ltr'>Diana,</span> <span class='ocrx_word' id='word_1_105' title='bbox 1015 1555 1067 1629; x_wconf 92' lang='lat' dir='ltr'>qui</span> <span class='ocrx_word' id='word_1_106' title='bbox 1089 1553 1225 1632; x_wconf 86' lang='lat' dir='ltr'>proxime</span> <span class='ocrx_word' id='word_1_107' title='bbox 1247 1554 1437 1629; x_wconf 87' lang='lat' dir='ltr'>praecedunt,</span> 
     </span>
     <span class='ocr_line' id='line_1_12' title="bbox 105 1655 1437 1735; baseline 0 -22"><span class='ocrx_word' id='word_1_108' title='bbox 105 1657 245 1714; x_wconf 88' lang='lat' dir='ltr'>obstabat</span> <span class='ocrx_word' id='word_1_109' title='bbox 255 1668 333 1715; x_wconf 89' lang='lat' dir='ltr'>certe</span> <span class='ocrx_word' id='word_1_110' title='bbox 345 1657 425 1731; x_wconf 86' lang='lat' dir='ltr'>apud</span> <span class='ocrx_word' id='word_1_111' title='bbox 441 1657 581 1715; x_wconf 90' lang='lat' dir='ltr'>lectorem</span> <span class='ocrx_word' id='word_1_112' title='bbox 595 1659 719 1733; x_wconf 89' lang='lat' dir='ltr'>peritum</span> <span class='ocrx_word' id='word_1_113' title='bbox 732 1659 901 1735; x_wconf 84' lang='lat' dir='ltr'>proprietas</span> <span class='ocrx_word' id='word_1_114' title='bbox 910 1658 1108 1727; x_wconf 64' lang='lat' dir='ltr'>victimarum</span> <span class='ocrx_word' id='word_1_115' title='bbox 1125 1665 1280 1734; x_wconf 85' lang='lat' dir='ltr'>praetcrea</span> <span class='ocrx_word' id='word_1_116' title='bbox 1292 1656 1342 1732; x_wconf 91' lang='lat' dir='ltr'>qui</span> <span class='ocrx_word' id='word_1_117' title='bbox 1355 1655 1437 1713; x_wconf 85' lang='lat' dir='ltr'>nudi-</span> 
     </span>
     <span class='ocr_line' id='line_1_13' title="bbox 108 1757 1438 1836; baseline 0 -22"><span class='ocrx_word' id='word_1_118' title='bbox 108 1770 213 1818; x_wconf 83' lang='lat' dir='ltr'>verunt</span> <span class='ocrx_word' id='word_1_119' title='bbox 228 1768 388 1831; x_wconf 88' lang='lat' dir='ltr'>cantatum,</span> <span class='ocrx_word' id='word_1_120' title='bbox 411 1759 532 1835; x_wconf 89' lang='lat' dir='ltr'>quinam</span> <span class='ocrx_word' id='word_1_121' title='bbox 547 1769 649 1818; x_wconf 87' lang='lat' dir='ltr'>essent</span> <span class='ocrx_word' id='word_1_122' title='bbox 671 1759 716 1818; x_wconf 91' lang='lat' dir='ltr'>illi</span> <span class='ocrx_word' id='word_1_123' title='bbox 739 1761 821 1818; x_wconf 94' lang='lat' dir='ltr'>nullo</span> <span class='ocrx_word' id='word_1_124' title='bbox 837 1759 924 1818; x_wconf 91' lang='lat' dir='ltr'>modo</span> <span class='ocrx_word' id='word_1_125' title='bbox 941 1760 1076 1819; x_wconf 89' lang='lat' dir='ltr'>dubitare</span> <span class='ocrx_word' id='word_1_126' title='bbox 1097 1768 1245 1836; x_wconf 87' lang='lat' dir='ltr'>poterant,</span> <span class='ocrx_word' id='word_1_127' title='bbox 1267 1757 1355 1815; x_wconf 89' lang='lat' dir='ltr'>modo</span> <span class='ocrx_word' id='word_1_128' title='bbox 1379 1769 1438 1815; x_wconf 89' lang='lat' dir='ltr'>sta·</span> 
     </span>
     <span class='ocr_line' id='line_1_14' title="bbox 106 1858 1437 1938; baseline -0.002 -18"><span class='ocrx_word' id='word_1_129' title='bbox 106 1870 173 1920; x_wconf 86' lang='lat' dir='ltr'>tuas</span> <span class='ocrx_word' id='word_1_130' title='bbox 190 1862 245 1920; x_wconf 90' lang='lat' dir='ltr'>hos</span> <span class='ocrx_word' id='word_1_131' title='bbox 261 1879 365 1921; x_wconf 87' lang='lat' dir='ltr'>versus</span> <span class='ocrx_word' id='word_1_132' title='bbox 380 1871 517 1921; x_wconf 87' lang='lat' dir='ltr'>cantatos</span> <span class='ocrx_word' id='word_1_133' title='bbox 533 1880 600 1921; x_wconf 88' lang='lat' dir='ltr'>esse</span> <span class='ocrx_word' id='word_1_134' title='bbox 620 1864 651 1920; x_wconf 93' lang='lat' dir='ltr'>in</span> <span class='ocrx_word' id='word_1_135' title='bbox 666 1872 828 1938; x_wconf 89' lang='lat' dir='ltr'>conspectu</span> <span class='ocrx_word' id='word_1_136' title='bbox 845 1863 927 1921; x_wconf 89' lang='lat' dir='ltr'>aedis</span> <span class='ocrx_word' id='word_1_137' title='bbox 942 1862 1024 1922; x_wconf 86' lang='lat' dir='ltr'>lovis</span> <span class='ocrx_word' id='word_1_138' title='bbox 1039 1871 1069 1920; x_wconf 90' lang='lat' dir='ltr'>et</span> <span class='ocrx_word' id='word_1_139' title='bbox 1084 1862 1208 1920; x_wconf 90' lang='lat' dir='ltr'>lunonis</span> <span class='ocrx_word' id='word_1_140' title='bbox 1229 1861 1260 1919; x_wconf 89' lang='lat' dir='ltr'>in</span> <span class='ocrx_word' id='word_1_141' title='bbox 1277 1858 1437 1936; x_wconf 89' lang='lat' dir='ltr'>Capitolio.</span> 
     </span>
    </p>

    <p class='ocr_par' dir='ltr' id='par_1_4' title="bbox 105 1963 1441 2657">
     <span class='ocr_line' id='line_1_15' title="bbox 190 1963 1439 2040; baseline -0.002 -18"><span class='ocrx_word' id='word_1_142' title='bbox 190 1965 347 2023; x_wconf 78' lang='lat' dir='ltr'>Amatores</span> <span class='ocrx_word' id='word_1_143' title='bbox 369 1969 400 2022; x_wconf 83' lang='lat' dir='ltr'>in</span> <span class='ocrx_word' id='word_1_144' title='bbox 418 1967 524 2039; x_wconf 80' lang='lat' dir='ltr'>sutrcre</span> <span class='ocrx_word' id='word_1_145' title='bbox 544 1984 646 2023; x_wconf 83' lang='lat' dir='ltr'>canere</span> <span class='ocrx_word' id='word_1_146' title='bbox 668 1965 790 2040; x_wconf 85' lang='lat' dir='ltr'>[solitos]</span> <span class='ocrx_word' id='word_1_147' title='bbox 813 1966 850 2023; x_wconf 91' lang='lat' dir='ltr'>ad</span> <span class='ocrx_word' id='word_1_148' title='bbox 866 1966 1065 2024; x_wconf 85' lang='lat' dir='ltr'>caerimonias</span> <span class='ocrx_word' id='word_1_149' title='bbox 1081 1982 1183 2023; x_wconf 87' lang='lat' dir='ltr'>sacras</span> <span class='ocrx_word' id='word_1_150' title='bbox 1204 1963 1355 2022; x_wconf 87' lang='lat' dir='ltr'>adhibitos</span> <span class='ocrx_word' id='word_1_151' title='bbox 1371 1982 1439 2022; x_wconf 88' lang='lat' dir='ltr'>esse</span> 
     </span>
     <span class='ocr_line' id='line_1_16' title="bbox 105 2065 1439 2144; baseline -0.001 -19"><span class='ocrx_word' id='word_1_152' title='bbox 105 2076 176 2125; x_wconf 88' lang='lat' dir='ltr'>acta</span> <span class='ocrx_word' id='word_1_153' title='bbox 197 2067 358 2125; x_wconf 87' lang='lat' dir='ltr'>ostendunt</span> <span class='ocrx_word' id='word_1_154' title='bbox 380 2087 407 2124; x_wconf 84' lang='lat' dir='ltr'>v.</span> <span class='ocrx_word' id='word_1_155' title='bbox 425 2066 473 2126; x_wconf 86' lang='lat'>88.</span> <span class='ocrx_word' id='word_1_156' title='bbox 508 2065 720 2144; x_wconf 89' lang='lat' dir='ltr'>Significantur</span> <span class='ocrx_word' id='word_1_157' title='bbox 743 2068 917 2139; x_wconf 85' lang='lat' dir='ltr'>cornicines,</span> <span class='ocrx_word' id='word_1_158' title='bbox 941 2068 1052 2126; x_wconf 88' lang='lat' dir='ltr'>scilicet</span> <span class='ocrx_word' id='word_1_159' title='bbox 1073 2066 1232 2142; x_wconf 87' lang='lat' dir='ltr'>collegium</span> <span class='ocrx_word' id='word_1_160' title='bbox 1254 2066 1439 2143; x_wconf 88' lang='lat' dir='ltr'>appellatum</span> 
     </span>
     <span class='ocr_line' id='line_1_17' title="bbox 106 2166 1440 2244; baseline 0 -18"><span class='ocrx_word' id='word_1_161' title='bbox 106 2169 138 2227; x_wconf 92' lang='lat' dir='ltr'>in</span> <span class='ocrx_word' id='word_1_162' title='bbox 160 2169 254 2228; x_wconf 88' lang='lat' dir='ltr'>titulis</span> <span class='ocrx_word' id='word_1_163' title='bbox 277 2170 399 2228; x_wconf 88' lang='lat' dir='ltr'>urbanis</span> <span class='ocrx_word' id='word_1_164' title='bbox 422 2171 510 2228; x_wconf 90' lang='lat' dir='ltr'>modo</span> <span class='ocrx_word' id='word_1_165' title='bbox 531 2170 668 2228; x_wconf 86' lang='lat' dir='ltr'>liticinum</span> <span class='ocrx_word' id='word_1_166' title='bbox 683 2174 865 2241; x_wconf 79' lang='lat' dir='ltr'>cornicinum,</span> <span class='ocrx_word' id='word_1_167' title='bbox 889 2170 977 2228; x_wconf 91' lang='lat' dir='ltr'>modo</span> <span class='ocrx_word' id='word_1_168' title='bbox 992 2166 1221 2244; x_wconf 65' lang='lat' dir='ltr'>amnatmml),</span> <span class='ocrx_word' id='word_1_169' title='bbox 1244 2169 1356 2228; x_wconf 83' lang='lat' dir='ltr'>diversi</span> <span class='ocrx_word' id='word_1_170' title='bbox 1378 2187 1440 2226; x_wconf 88' lang='lat' dir='ltr'>om·</span> 
     </span>
     <span class='ocr_line' id='line_1_18' title="bbox 107 2271 1439 2350; baseline 0.001 -22"><span class='ocrx_word' id='word_1_171' title='bbox 107 2272 178 2329; x_wconf 89' lang='lat' dir='ltr'>nino</span> <span class='ocrx_word' id='word_1_172' title='bbox 202 2291 220 2328; x_wconf 91' lang='lat' dir='ltr'>a</span> <span class='ocrx_word' id='word_1_173' title='bbox 241 2271 412 2331; x_wconf 87' lang='lat' dir='ltr'>tibicinibus</span> <span class='ocrx_word' id='word_1_174' title='bbox 439 2282 469 2329; x_wconf 90' lang='lat' dir='ltr'>et</span> <span class='ocrx_word' id='word_1_175' title='bbox 495 2271 676 2343; x_wconf 88' lang='lat' dir='ltr'>fidicinibus,</span> <span class='ocrx_word' id='word_1_176' title='bbox 706 2292 885 2350; x_wconf 88' lang='lat' dir='ltr'>quamquam</span> <span class='ocrx_word' id='word_1_177' title='bbox 913 2273 1018 2331; x_wconf 90' lang='lat' dir='ltr'>horum</span> <span class='ocrx_word' id='word_1_178' title='bbox 1039 2290 1158 2348; x_wconf 89' lang='lat' dir='ltr'>quoque</span> <span class='ocrx_word' id='word_1_179' title='bbox 1186 2273 1216 2330; x_wconf 93' lang='lat' dir='ltr'>in</span> <span class='ocrx_word' id='word_1_180' title='bbox 1239 2271 1322 2331; x_wconf 88' lang='lat' dir='ltr'>bisce</span> <span class='ocrx_word' id='word_1_181' title='bbox 1345 2271 1439 2330; x_wconf 87' lang='lat' dir='ltr'>sacris</span> 
     </span>
     <span class='ocr_line' id='line_1_19' title="bbox 108 2374 1441 2451; baseline 0 -21"><span class='ocrx_word' id='word_1_182' title='bbox 108 2384 209 2448; x_wconf 88' lang='lat' dir='ltr'>partes</span> <span class='ocrx_word' id='word_1_183' title='bbox 232 2374 349 2451; x_wconf 87' lang='lat' dir='ltr'>aliquae</span> <span class='ocrx_word' id='word_1_184' title='bbox 372 2375 499 2446; x_wconf 85' lang='lat' dir='ltr'>luerunt,</span> <span class='ocrx_word' id='word_1_185' title='bbox 522 2394 587 2432; x_wconf 86' lang='lat' dir='ltr'>curn</span> <span class='ocrx_word' id='word_1_186' title='bbox 610 2394 745 2434; x_wconf 91' lang='lat' dir='ltr'>nummus</span> <span class='ocrx_word' id='word_1_187' title='bbox 761 2374 926 2434; x_wconf 89' lang='lat' dir='ltr'>Domitiani</span> <span class='ocrx_word' id='word_1_188' title='bbox 949 2383 1097 2450; x_wconf 89' lang='lat' dir='ltr'>proponat</span> <span class='ocrx_word' id='word_1_189' title='bbox 1118 2375 1326 2450; x_wconf 90' lang='lat' dir='ltr'>imperatorem</span> <span class='ocrx_word' id='word_1_190' title='bbox 1349 2374 1441 2432; x_wconf 84' lang='lat' dir='ltr'>sacri·</span> 
     </span>
     <span class='ocr_line' id='line_1_20' title="bbox 109 2475 1440 2554; baseline 0.001 -21"><span class='ocrx_word' id='word_1_191' title='bbox 109 2475 247 2534; x_wconf 87' lang='lat' dir='ltr'>ficantem</span> <span class='ocrx_word' id='word_1_192' title='bbox 269 2477 458 2535; x_wconf 87' lang='lat' dir='ltr'>adstantibus</span> <span class='ocrx_word' id='word_1_193' title='bbox 482 2477 603 2536; x_wconf 82' lang='lat' dir='ltr'>tibicine</span> <span class='ocrx_word' id='word_1_194' title='bbox 625 2488 654 2536; x_wconf 88' lang='lat' dir='ltr'>et</span> <span class='ocrx_word' id='word_1_195' title='bbox 676 2477 855 2537; x_wconf 91' lang='lat' dir='ltr'>citharoedo.</span> <span class='ocrx_word' id='word_1_196' title='bbox 904 2477 1082 2554; x_wconf 89' lang='lat' dir='ltr'>Plerumque</span> <span class='ocrx_word' id='word_1_197' title='bbox 1106 2477 1151 2535; x_wconf 91' lang='lat' dir='ltr'>illi</span> <span class='ocrx_word' id='word_1_198' title='bbox 1178 2476 1248 2535; x_wconf 87' lang='lat' dir='ltr'>dicti</span> <span class='ocrx_word' id='word_1_199' title='bbox 1277 2485 1440 2536; x_wconf 70' lang='lat' dir='ltr'>detentores</span> 
     </span>
     <span class='ocr_line' id='line_1_21' title="bbox 110 2578 996 2657; baseline 0.005 -22"><span class='ocrx_word' id='word_1_200' title='bbox 110 2578 153 2635; x_wconf 87' lang='lat' dir='ltr'>sic</span> <span class='ocrx_word' id='word_1_201' title='bbox 175 2589 208 2636; x_wconf 90' lang='lat' dir='ltr'>nt</span> <span class='ocrx_word' id='word_1_202' title='bbox 230 2579 258 2635; x_wconf 96' lang='lat' dir='ltr'>in</span> <span class='ocrx_word' id='word_1_203' title='bbox 281 2580 356 2638; x_wconf 89' lang='lat' dir='ltr'>actis</span> <span class='ocrx_word' id='word_1_204' title='bbox 378 2588 527 2638; x_wconf 79' lang='lat' dir='ltr'>senatores</span> <span class='ocrx_word' id='word_1_205' title='bbox 541 2581 639 2639; x_wconf 85' lang='lat' dir='ltr'>¹etiam</span> <span class='ocrx_word' id='word_1_206' title='bbox 662 2580 733 2639; x_wconf 88' lang='lat' dir='ltr'>alibi</span> <span class='ocrx_word' id='word_1_207' title='bbox 755 2579 996 2657; x_wconf 68' lang='lat' dir='ltr'>appellanturi).</span> 
     </span>
    </p>
   </div>
   <div class='ocr_carea' id='block_1_4' title="bbox 564 2802 989 2863">
    <p class='ocr_par' dir='ltr' id='par_1_5' title="bbox 564 2802 989 2863">
     <span class='ocr_line' id='line_1_22' title="bbox 564 2802 989 2863; baseline 0.002 -2"><span class='ocrx_word' id='word_1_208' title='bbox 564 2802 733 2862; x_wconf 89' lang='lat' dir='ltr'>NVMINA</span> <span class='ocrx_word' id='word_1_209' title='bbox 760 2802 989 2863; x_wconf 87' lang='lat' dir='ltr'>INVOCATA.</span> 
     </span>
    </p>
   </div>
   <div class='ocr_carea' id='block_1_5' title="bbox 112 2957 1443 3242">
    <p class='ocr_par' dir='ltr' id='par_1_6' title="bbox 112 2957 1443 3242">
     <span class='ocr_line' id='line_1_23' title="bbox 195 2957 1441 3039; baseline 0 -20"><span class='ocrx_word' id='word_1_210' title='bbox 195 2958 288 3019; x_wconf 89' lang='lat' dir='ltr'>Sacra</span> <span class='ocrx_word' id='word_1_211' title='bbox 309 2961 476 3019; x_wconf 89' lang='lat' dir='ltr'>saecularia</span> <span class='ocrx_word' id='word_1_212' title='bbox 496 2962 636 3039; x_wconf 84' lang='lat' dir='ltr'>Augusti,</span> <span class='ocrx_word' id='word_1_213' title='bbox 658 2971 691 3020; x_wconf 87' lang='lat' dir='ltr'>ut</span> <span class='ocrx_word' id='word_1_214' title='bbox 712 2962 827 3039; x_wconf 90' lang='lat' dir='ltr'>reliqna</span> <span class='ocrx_word' id='word_1_215' title='bbox 848 2963 910 3020; x_wconf 86' lang='lat' dir='ltr'>fere</span> <span class='ocrx_word' id='word_1_216' title='bbox 934 2962 971 3019; x_wconf 93' lang='lat' dir='ltr'>ad</span> <span class='ocrx_word' id='word_1_217' title='bbox 994 2957 1128 3037; x_wconf 76' lang='lat' dir='ltr'>Sibyllae</span> <span class='ocrx_word' id='word_1_218' title='bbox 1152 2962 1234 3018; x_wconf 90' lang='lat' dir='ltr'>iussa</span> <span class='ocrx_word' id='word_1_219' title='bbox 1254 2961 1390 3020; x_wconf 89' lang='lat' dir='ltr'>instituta</span> <span class='ocrx_word' id='word_1_220' title='bbox 1412 2971 1441 3019; x_wconf 92' lang='lat' dir='ltr'>et</span> 
     </span>
     <span class='ocr_line' id='line_1_24' title="bbox 112 3062 1442 3139; baseline 0.002 -21"><span class='ocrx_word' id='word_1_221' title='bbox 112 3072 286 3138; x_wconf 87' lang='lat' dir='ltr'>propagata,</span> <span class='ocrx_word' id='word_1_222' title='bbox 310 3062 428 3122; x_wconf 86' lang='lat' dir='ltr'>Graeco</span> <span class='ocrx_word' id='word_1_223' title='bbox 452 3063 508 3121; x_wconf 92' lang='lat' dir='ltr'>ritu</span> <span class='ocrx_word' id='word_1_224' title='bbox 531 3064 594 3122; x_wconf 88' lang='lat' dir='ltr'>fieri</span> <span class='ocrx_word' id='word_1_225' title='bbox 617 3064 728 3122; x_wconf 85' lang='lat' dir='ltr'>diserte</span> <span class='ocrx_word' id='word_1_226' title='bbox 750 3065 920 3123; x_wconf 89' lang='lat' dir='ltr'>enuntiatur</span> <span class='ocrx_word' id='word_1_227' title='bbox 935 3085 961 3121; x_wconf 87' lang='lat' dir='ltr'>v.</span> <span class='ocrx_word' id='word_1_228' title='bbox 981 3063 1015 3121; x_wconf 84' lang='lat'>91</span> <span class='ocrx_word' id='word_1_229' title='bbox 1042 3063 1160 3139; x_wconf 89' lang='lat' dir='ltr'>inipso</span> <span class='ocrx_word' id='word_1_230' title='bbox 1182 3080 1334 3121; x_wconf 84' lang='lat' dir='ltr'>sacrorum</span> <span class='ocrx_word' id='word_1_231' title='bbox 1357 3083 1442 3121; x_wconf 86' lang='lat' dir='ltr'>enar-</span> 
     </span>
     <span class='ocr_line' id='line_1_25' title="bbox 112 3164 1443 3242; baseline 0.001 -21"><span class='ocrx_word' id='word_1_232' title='bbox 112 3165 236 3222; x_wconf 89' lang='lat' dir='ltr'>rationis</span> <span class='ocrx_word' id='word_1_233' title='bbox 263 3164 401 3236; x_wconf 89' lang='lat' dir='ltr'>exordio,</span> <span class='ocrx_word' id='word_1_234' title='bbox 431 3166 479 3223; x_wconf 93' lang='lat' dir='ltr'>ubi</span> <span class='ocrx_word' id='word_1_235' title='bbox 506 3165 586 3242; x_wconf 94' lang='lat' dir='ltr'>quod</span> <span class='ocrx_word' id='word_1_236' title='bbox 616 3174 663 3224; x_wconf 92' lang='lat' dir='ltr'>est</span> <span class='ocrx_word' id='word_1_237' title='bbox 687 3167 796 3224; x_wconf 76' lang='lat' dir='ltr'>Achiuo</span> <span class='ocrx_word' id='word_1_238' title='bbox 825 3166 921 3240; x_wconf 83' lang='lat' dir='ltr'>ritu⁴)</span> <span class='ocrx_word' id='word_1_239' title='bbox 951 3165 1090 3224; x_wconf 87' lang='lat' dir='ltr'>convenit</span> <span class='ocrx_word' id='word_1_240' title='bbox 1115 3184 1181 3224; x_wconf 89' lang='lat' dir='ltr'>cum</span> <span class='ocrx_word' id='word_1_241' title='bbox 1205 3166 1303 3224; x_wconf 85' lang='lat' dir='ltr'>verbis</span> <span class='ocrx_word' id='word_1_242' title='bbox 1331 3165 1443 3224; x_wconf 87' lang='lat' dir='ltr'>oraculi</span> 
     </span>
    </p>
   </div>
   <div class='ocr_carea' id='block_1_6' title="bbox 122 3322 322 3330">
    <p class='ocr_par' dir='ltr' id='par_1_7' title="bbox 122 3322 322 3330">
     <span class='ocr_line' id='line_1_26' title="bbox 122 3322 322 3330; baseline 0 0"><span class='ocrx_word' id='word_1_243' title='bbox 122 3322 322 3330; x_wconf 45' lang='grc'>*-</span> 
     </span>
    </p>
   </div>
   <div class='ocr_carea' id='block_1_7' title="bbox 111 3417 1444 5328">
    <p class='ocr_par' dir='ltr' id='par_1_8' title="bbox 112 3417 1443 3654">
     <span class='ocr_line' id='line_1_27' title="bbox 192 3417 1442 3481; baseline 0 -15"><span class='ocrx_word' id='word_1_244' title='bbox 192 3417 213 3477; x_wconf 95' lang='grc'>1)</span> <span class='ocrx_word' id='word_1_245' title='bbox 242 3418 273 3466; x_wconf 92' lang='lat' dir='ltr'>ln</span> <span class='ocrx_word' id='word_1_246' title='bbox 294 3418 357 3466; x_wconf 85' lang='lat' dir='ltr'>actis</span> <span class='ocrx_word' id='word_1_247' title='bbox 376 3417 511 3466; x_wconf 71' lang='lat' dir='ltr'>Arvalium</span> <span class='ocrx_word' id='word_1_248' title='bbox 531 3417 577 3466; x_wconf 90' lang='lat' dir='ltr'>bos</span> <span class='ocrx_word' id='word_1_249' title='bbox 596 3417 669 3467; x_wconf 84' lang='lat' dir='ltr'>albus</span> <span class='ocrx_word' id='word_1_250' title='bbox 688 3417 751 3467; x_wconf 92' lang='lat' dir='ltr'>nulli</span> <span class='ocrx_word' id='word_1_251' title='bbox 771 3418 870 3467; x_wconf 89' lang='lat' dir='ltr'>numini</span> <span class='ocrx_word' id='word_1_252' title='bbox 890 3417 1036 3468; x_wconf 87' lang='lat' dir='ltr'>immolatur</span> <span class='ocrx_word' id='word_1_253' title='bbox 1055 3418 1104 3467; x_wconf 89' lang='lat' dir='ltr'>nisi</span> <span class='ocrx_word' id='word_1_254' title='bbox 1124 3417 1181 3467; x_wconf 86' lang='lat' dir='ltr'>Iovi</span> <span class='ocrx_word' id='word_1_255' title='bbox 1201 3424 1227 3466; x_wconf 89' lang='lat' dir='ltr'>et</span> <span class='ocrx_word' id='word_1_256' title='bbox 1246 3418 1279 3466; x_wconf 90' lang='lat' dir='ltr'>ad</span> <span class='ocrx_word' id='word_1_257' title='bbox 1297 3417 1442 3481; x_wconf 87' lang='lat' dir='ltr'>exemplum</span> 
     </span>
     <span class='ocr_line' id='line_1_28' title="bbox 112 3507 1443 3574; baseline 0.002 -19"><span class='ocrx_word' id='word_1_258' title='bbox 112 3507 182 3557; x_wconf 84' lang='lat' dir='ltr'>Iovis</span> <span class='ocrx_word' id='word_1_259' title='bbox 201 3510 275 3557; x_wconf 87' lang='lat' dir='ltr'>cultis</span> <span class='ocrx_word' id='word_1_260' title='bbox 295 3509 360 3558; x_wconf 81' lang='lat' dir='ltr'>diris</span> <span class='ocrx_word' id='word_1_261' title='bbox 380 3509 586 3573; x_wconf 88' lang='lat' dir='ltr'>imperatoribus.</span> <span class='ocrx_word' id='word_1_262' title='bbox 626 3511 696 3562; x_wconf 85' lang='lat' dir='ltr'>Sane</span> <span class='ocrx_word' id='word_1_263' title='bbox 716 3510 778 3560; x_wconf 91' lang='lat' dir='ltr'>alibi</span> <span class='ocrx_word' id='word_1_264' title='bbox 798 3512 917 3574; x_wconf 83' lang='lat' dir='ltr'>exempla</span> <span class='ocrx_word' id='word_1_265' title='bbox 936 3526 988 3560; x_wconf 94' lang='lat' dir='ltr'>non</span> <span class='ocrx_word' id='word_1_266' title='bbox 1008 3511 1100 3560; x_wconf 90' lang='lat' dir='ltr'>desunt</span> <span class='ocrx_word' id='word_1_267' title='bbox 1118 3511 1195 3560; x_wconf 91' lang='lat' dir='ltr'>boum</span> <span class='ocrx_word' id='word_1_268' title='bbox 1218 3510 1365 3560; x_wconf 89' lang='lat' dir='ltr'>numinibus</span> <span class='ocrx_word' id='word_1_269' title='bbox 1384 3510 1443 3558; x_wconf 87' lang='lat' dir='ltr'>aliis</span> 
     </span>
     <span class='ocr_line' id='line_1_29' title="bbox 112 3602 310 3654; baseline 0.005 -5"><span class='ocrx_word' id='word_1_270' title='bbox 112 3602 310 3654; x_wconf 87' lang='lat' dir='ltr'>immolatorum.</span> 
     </span>
    </p>

    <p class='ocr_par' dir='ltr' id='par_1_9' title="bbox 111 3691 1444 4865">
     <span class='ocr_line' id='line_1_30' title="bbox 188 3691 1442 3761; baseline 0.001 -19"><span class='ocrx_word' id='word_1_271' title='bbox 188 3691 213 3754; x_wconf 75' lang='lat'>²)</span> <span class='ocrx_word' id='word_1_272' title='bbox 241 3695 290 3758; x_wconf 82' lang='lat' dir='ltr'>Egi</span> <span class='ocrx_word' id='word_1_273' title='bbox 310 3696 341 3743; x_wconf 91' lang='lat' dir='ltr'>de</span> <span class='ocrx_word' id='word_1_274' title='bbox 360 3709 391 3743; x_wconf 90' lang='lat' dir='ltr'>eo</span> <span class='ocrx_word' id='word_1_275' title='bbox 411 3695 519 3759; x_wconf 86' lang='lat' dir='ltr'>collegio</span> <span class='ocrx_word' id='word_1_276' title='bbox 540 3695 573 3743; x_wconf 88' lang='lat' dir='ltr'>ad</span> <span class='ocrx_word' id='word_1_277' title='bbox 592 3696 745 3748; x_wconf 83' lang='lat' dir='ltr'>Servianum</span> <span class='ocrx_word' id='word_1_278' title='bbox 764 3697 905 3745; x_wconf 84' lang='lat' dir='ltr'>exercitum</span> <span class='ocrx_word' id='word_1_279' title='bbox 924 3696 1067 3761; x_wconf 83' lang='lat' dir='ltr'>pertinente</span> <span class='ocrx_word' id='word_1_280' title='bbox 1087 3692 1248 3745; x_wconf 74' lang='lat' dir='ltr'>Stuutsrecltt</span> <span class='ocrx_word' id='word_1_281' title='bbox 1266 3695 1291 3756; x_wconf 84' lang='lat'>3,</span> <span class='ocrx_word' id='word_1_282' title='bbox 1312 3696 1374 3756; x_wconf 85' lang='grc'><strong>288,</strong></span> <span class='ocrx_word' id='word_1_283' title='bbox 1399 3695 1442 3744; x_wconf 91' lang='lat' dir='ltr'>ubi</span> 
     </span>
     <span class='ocr_line' id='line_1_31' title="bbox 114 3786 1442 3854; baseline 0.002 -20"><span class='ocrx_word' id='word_1_284' title='bbox 114 3786 221 3835; x_wconf 85' lang='lat' dir='ltr'>collecta</span> <span class='ocrx_word' id='word_1_285' title='bbox 239 3788 354 3835; x_wconf 83' lang='lat' dir='ltr'>invenies</span> <span class='ocrx_word' id='word_1_286' title='bbox 375 3801 439 3850; x_wconf 89' lang='lat' dir='ltr'>qnae</span> <span class='ocrx_word' id='word_1_287' title='bbox 459 3787 491 3835; x_wconf 92' lang='lat' dir='ltr'>de</span> <span class='ocrx_word' id='word_1_288' title='bbox 510 3802 541 3836; x_wconf 86' lang='lat' dir='ltr'>eo</span> <span class='ocrx_word' id='word_1_289' title='bbox 561 3788 702 3836; x_wconf 86' lang='lat' dir='ltr'>traduntur.</span> <span class='ocrx_word' id='word_1_290' title='bbox 734 3789 849 3838; x_wconf 83' lang='lat' dir='ltr'>Henneni</span> <span class='ocrx_word' id='word_1_291' title='bbox 869 3789 985 3852; x_wconf 86' lang='lat' dir='ltr'>opinatio</span> <span class='ocrx_word' id='word_1_292' title='bbox 1010 3794 1167 3838; x_wconf 84' lang='lat' dir='ltr'>aeneatorum</span> <span class='ocrx_word' id='word_1_293' title='bbox 1187 3786 1318 3854; x_wconf 69' lang='lat' dir='ltr'>collegium</span> <span class='ocrx_word' id='word_1_294' title='bbox 1344 3786 1442 3849; x_wconf 81' lang='lat' dir='ltr'>(CVI,</span> 
     </span>
     <span class='ocr_line' id='line_1_32' title="bbox 114 3878 1441 3945; baseline 0.002 -20"><span class='ocrx_word' id='word_1_295' title='bbox 114 3879 215 3937; x_wconf 88' lang='grc'><strong>10221)</strong></span> <span class='ocrx_word' id='word_1_296' title='bbox 236 3878 403 3928; x_wconf 81' lang='lat' dir='ltr'>derivandum</span> <span class='ocrx_word' id='word_1_297' title='bbox 418 3893 472 3928; x_wconf 87' lang='lat' dir='ltr'>esse</span> <span class='ocrx_word' id='word_1_298' title='bbox 494 3895 545 3928; x_wconf 92' lang='lat' dir='ltr'>non</span> <span class='ocrx_word' id='word_1_299' title='bbox 559 3879 590 3929; x_wconf 91' lang='lat' dir='ltr'>ab</span> <span class='ocrx_word' id='word_1_300' title='bbox 604 3879 790 3942; x_wconf 86' lang='lat' dir='ltr'>aeneatoribus,</span> <span class='ocrx_word' id='word_1_301' title='bbox 810 3881 856 3930; x_wconf 87' lang='lat' dir='ltr'>sed</span> <span class='ocrx_word' id='word_1_302' title='bbox 870 3881 902 3929; x_wconf 89' lang='lat' dir='ltr'>ab</span> <span class='ocrx_word' id='word_1_303' title='bbox 917 3881 1031 3930; x_wconf 87' lang='lat' dir='ltr'>aeneatis</span> <span class='ocrx_word' id='word_1_304' title='bbox 1051 3888 1077 3929; x_wconf 88' lang='lat' dir='ltr'>et</span> <span class='ocrx_word' id='word_1_305' title='bbox 1095 3882 1232 3945; x_wconf 85' lang='lat' dir='ltr'>significari</span> <span class='ocrx_word' id='word_1_306' title='bbox 1253 3880 1370 3929; x_wconf 86' lang='lat' dir='ltr'>homines</span> <span class='ocrx_word' id='word_1_307' title='bbox 1390 3880 1441 3929; x_wconf 80' lang='lat' dir='ltr'>iru-</span> 
     </span>
     <span class='ocr_line' id='line_1_33' title="bbox 113 3970 1443 4038; baseline 0.001 -19"><span class='ocrx_word' id='word_1_308' title='bbox 113 3971 192 4019; x_wconf 84' lang='lat' dir='ltr'>menti</span> <span class='ocrx_word' id='word_1_309' title='bbox 211 3970 306 4035; x_wconf 87' lang='lat' dir='ltr'>publici</span> <span class='ocrx_word' id='word_1_310' title='bbox 326 3972 469 4036; x_wconf 89' lang='lat' dir='ltr'>accipiendi</span> <span class='ocrx_word' id='word_1_311' title='bbox 487 3988 566 4021; x_wconf 83' lang='lat' dir='ltr'>eausa</span> <span class='ocrx_word' id='word_1_312' title='bbox 584 3973 611 4022; x_wconf 90' lang='lat' dir='ltr'>in</span> <span class='ocrx_word' id='word_1_313' title='bbox 625 3988 683 4022; x_wconf 87' lang='lat' dir='ltr'>aere</span> <span class='ocrx_word' id='word_1_314' title='bbox 702 3974 796 4023; x_wconf 88' lang='lat' dir='ltr'>incisos</span> <span class='ocrx_word' id='word_1_315' title='bbox 812 3987 966 4038; x_wconf 89' lang='lat' dir='ltr'>quamquam</span> <span class='ocrx_word' id='word_1_316' title='bbox 986 3988 1068 4037; x_wconf 90' lang='lat' dir='ltr'>nuper</span> <span class='ocrx_word' id='word_1_317' title='bbox 1087 3973 1237 4022; x_wconf 89' lang='lat' dir='ltr'>resuscitata</span> <span class='ocrx_word' id='word_1_318' title='bbox 1255 3973 1287 4022; x_wconf 93' lang='lat' dir='ltr'>ab</span> <span class='ocrx_word' id='word_1_319' title='bbox 1301 3971 1443 4022; x_wconf 80' lang='lat' dir='ltr'>Hirschfel-</span> 
     </span>
     <span class='ocr_line' id='line_1_34' title="bbox 112 4061 1442 4131; baseline 0.002 -21"><span class='ocrx_word' id='word_1_320' title='bbox 112 4061 156 4111; x_wconf 90' lang='lat' dir='ltr'>dio</span> <span class='ocrx_word' id='word_1_321' title='bbox 176 4070 264 4112; x_wconf 91' lang='lat' dir='ltr'>nostro</span> <span class='ocrx_word' id='word_1_322' title='bbox 290 4062 349 4124; x_wconf 89' lang='lat' dir='ltr'>(act.</span> <span class='ocrx_word' id='word_1_323' title='bbox 373 4065 433 4113; x_wconf 91' lang='lat' dir='ltr'>min.</span> <span class='ocrx_word' id='word_1_324' title='bbox 459 4064 531 4113; x_wconf 84' lang='lat' dir='ltr'>acad.</span> <span class='ocrx_word' id='word_1_325' title='bbox 559 4065 645 4115; x_wconf 91' lang='lat' dir='ltr'>Berol.</span> <span class='ocrx_word' id='word_1_326' title='bbox 669 4067 735 4116; x_wconf 86' lang='grc'><strong>1891</strong></span> <span class='ocrx_word' id='word_1_327' title='bbox 757 4083 782 4131; x_wconf 90' lang='lat' dir='ltr'>p.</span> <span class='ocrx_word' id='word_1_328' title='bbox 799 4065 861 4127; x_wconf 83' lang='grc'>053)</span> <span class='ocrx_word' id='word_1_329' title='bbox 886 4065 1043 4130; x_wconf 87' lang='lat' dir='ltr'>probataque</span> <span class='ocrx_word' id='word_1_330' title='bbox 1071 4065 1148 4114; x_wconf 88' lang='lat' dir='ltr'>etiam</span> <span class='ocrx_word' id='word_1_331' title='bbox 1173 4065 1304 4114; x_wconf 85' lang='lat' dir='ltr'>Huelseno</span> <span class='ocrx_word' id='word_1_332' title='bbox 1328 4061 1442 4126; x_wconf 84' lang='lat' dir='ltr'>(Balictt.</span> 
     </span>
     <span class='ocr_line' id='line_1_35' title="bbox 111 4154 1443 4222; baseline 0.002 -19"><span class='ocrx_word' id='word_1_333' title='bbox 111 4157 228 4222; x_wconf 78' lang='lat' dir='ltr'>municip.</span> <span class='ocrx_word' id='word_1_334' title='bbox 249 4154 319 4204; x_wconf 83' lang='lat' dir='ltr'>lion.</span> <span class='ocrx_word' id='word_1_335' title='bbox 343 4158 409 4205; x_wconf 81' lang='lat'>1891</span> <span class='ocrx_word' id='word_1_336' title='bbox 432 4174 456 4220; x_wconf 91' lang='lat' dir='ltr'>p.</span> <span class='ocrx_word' id='word_1_337' title='bbox 473 4156 536 4217; x_wconf 88' lang='lat'>351)</span> <span class='ocrx_word' id='word_1_338' title='bbox 558 4166 582 4205; x_wconf 90' lang='lat' dir='ltr'>et</span> <span class='ocrx_word' id='word_1_339' title='bbox 601 4158 703 4221; x_wconf 87' lang='lat' dir='ltr'>linguae</span> <span class='ocrx_word' id='word_1_340' title='bbox 722 4159 852 4208; x_wconf 86' lang='lat' dir='ltr'>contraria</span> <span class='ocrx_word' id='word_1_341' title='bbox 871 4166 908 4208; x_wconf 90' lang='lat' dir='ltr'>est</span> <span class='ocrx_word' id='word_1_342' title='bbox 928 4166 953 4207; x_wconf 89' lang='lat' dir='ltr'>et</span> <span class='ocrx_word' id='word_1_343' title='bbox 972 4172 1056 4208; x_wconf 89' lang='lat' dir='ltr'>rernm</span> <span class='ocrx_word' id='word_1_344' title='bbox 1077 4157 1192 4207; x_wconf 87' lang='lat' dir='ltr'>notitiae.</span> <span class='ocrx_word' id='word_1_345' title='bbox 1229 4157 1297 4206; x_wconf 87' lang='lat' dir='ltr'>Nam</span> <span class='ocrx_word' id='word_1_346' title='bbox 1317 4156 1394 4206; x_wconf 90' lang='lat' dir='ltr'>homo</span> <span class='ocrx_word' id='word_1_347' title='bbox 1416 4158 1443 4206; x_wconf 95' lang='lat' dir='ltr'>in</span> 
     </span>
     <span class='ocr_line' id='line_1_36' title="bbox 113 4249 1443 4315; baseline 0 -19"><span class='ocrx_word' id='word_1_348' title='bbox 113 4262 172 4297; x_wconf 87' lang='lat' dir='ltr'>aere</span> <span class='ocrx_word' id='word_1_349' title='bbox 192 4249 287 4298; x_wconf 88' lang='lat' dir='ltr'>incisus</span> <span class='ocrx_word' id='word_1_350' title='bbox 307 4264 358 4298; x_wconf 93' lang='lat' dir='ltr'>non</span> <span class='ocrx_word' id='word_1_351' title='bbox 379 4250 459 4313; x_wconf 88' lang='lat' dir='ltr'>magis</span> <span class='ocrx_word' id='word_1_352' title='bbox 479 4257 600 4298; x_wconf 87' lang='lat' dir='ltr'>aeneatus</span> <span class='ocrx_word' id='word_1_353' title='bbox 620 4250 669 4299; x_wconf 87' lang='lat' dir='ltr'>dici</span> <span class='ocrx_word' id='word_1_354' title='bbox 689 4258 772 4314; x_wconf 88' lang='lat' dir='ltr'>potest</span> <span class='ocrx_word' id='word_1_355' title='bbox 792 4267 867 4315; x_wconf 88' lang='lat' dir='ltr'>quam</span> <span class='ocrx_word' id='word_1_356' title='bbox 888 4252 930 4314; x_wconf 89' lang='lat' dir='ltr'>qui</span> <span class='ocrx_word' id='word_1_357' title='bbox 955 4251 1086 4315; x_wconf 84' lang='lat' dir='ltr'>inlepide</span> <span class='ocrx_word' id='word_1_358' title='bbox 1110 4264 1268 4300; x_wconf 75' lang='lat' dir='ltr'>marmoreus</span> <span class='ocrx_word' id='word_1_359' title='bbox 1289 4250 1384 4298; x_wconf 87' lang='lat' dir='ltr'>incisus</span> <span class='ocrx_word' id='word_1_360' title='bbox 1403 4255 1443 4297; x_wconf 85' lang='lat' dir='ltr'>est</span> 
     </span>
     <span class='ocr_line' id='line_1_37' title="bbox 112 4340 1443 4406; baseline 0.001 -18"><span class='ocrx_word' id='word_1_361' title='bbox 112 4340 242 4404; x_wconf 84' lang='lat' dir='ltr'>lapidatus</span> <span class='ocrx_word' id='word_1_362' title='bbox 262 4342 302 4390; x_wconf 81' lang='lat' dir='ltr'>vel</span> <span class='ocrx_word' id='word_1_363' title='bbox 324 4350 499 4391; x_wconf 86' lang='lat' dir='ltr'>marmoratas.</span> <span class='ocrx_word' id='word_1_364' title='bbox 544 4342 645 4392; x_wconf 87' lang='lat' dir='ltr'>Deinde</span> <span class='ocrx_word' id='word_1_365' title='bbox 665 4358 722 4391; x_wconf 86' lang='lat' dir='ltr'>cum</span> <span class='ocrx_word' id='word_1_366' title='bbox 742 4345 768 4392; x_wconf 93' lang='lat' dir='ltr'>in</span> <span class='ocrx_word' id='word_1_367' title='bbox 787 4343 861 4392; x_wconf 87' lang='lat' dir='ltr'>titulo</span> <span class='ocrx_word' id='word_1_368' title='bbox 882 4342 970 4403; x_wconf 84' lang='lat' dir='ltr'>CVI,</span> <span class='ocrx_word' id='word_1_369' title='bbox 993 4344 1081 4392; x_wconf 89' lang='grc'><strong>10220</strong></span> <span class='ocrx_word' id='word_1_370' title='bbox 1107 4343 1247 4392; x_wconf 87' lang='lat' dir='ltr'>babeamus</span> <span class='ocrx_word' id='word_1_371' title='bbox 1267 4355 1372 4406; x_wconf 83' lang='lat' dir='ltr'>puerum</span> <span class='ocrx_word' id='word_1_372' title='bbox 1399 4342 1443 4405; x_wconf 92' lang='lat' dir='ltr'>qui</span> 
     </span>
     <span class='ocr_line' id='line_1_38' title="bbox 113 4431 1443 4501; baseline 0.002 -21"><span class='ocrx_word' id='word_1_373' title='bbox 113 4432 246 4496; x_wconf 86' lang='lat' dir='ltr'>reliquerit</span> <span class='ocrx_word' id='word_1_374' title='bbox 271 4431 384 4496; x_wconf 81' lang='lat' dir='ltr'>tri[bu]m</span> <span class='ocrx_word' id='word_1_375' title='bbox 409 4436 537 4499; x_wconf 71' lang='lat' dir='ltr'>ingenuam</span> <span class='ocrx_word' id='word_1_376' title='bbox 556 4434 707 4496; x_wconf 83' lang='lat' dir='ltr'>srunreutum</span> <span class='ocrx_word' id='word_1_377' title='bbox 731 4432 887 4501; x_wconf 82' lang='lat' dir='ltr'>[publ]ieum</span> <span class='ocrx_word' id='word_1_378' title='bbox 911 4442 935 4483; x_wconf 85' lang='lat' dir='ltr'>ct</span> <span class='ocrx_word' id='word_1_379' title='bbox 958 4441 1115 4484; x_wconf 80' lang='lat' dir='ltr'>aeneatorum</span> <span class='ocrx_word' id='word_1_380' title='bbox 1145 4432 1323 4501; x_wconf 77' lang='lat' dir='ltr'>[colleqr&#39;umi],</span> <span class='ocrx_word' id='word_1_381' title='bbox 1356 4441 1443 4499; x_wconf 84' lang='lat' dir='ltr'>aperte</span> 
     </span>
     <span class='ocr_line' id='line_1_39' title="bbox 113 4524 1441 4593; baseline 0.001 -20"><span class='ocrx_word' id='word_1_382' title='bbox 113 4525 165 4574; x_wconf 84' lang='lat' dir='ltr'>lroc</span> <span class='ocrx_word' id='word_1_383' title='bbox 185 4527 350 4590; x_wconf 86' lang='lat' dir='ltr'>distinguitur</span> <span class='ocrx_word' id='word_1_384' title='bbox 370 4542 384 4574; x_wconf 92' lang='lat' dir='ltr'>a</span> <span class='ocrx_word' id='word_1_385' title='bbox 404 4527 531 4575; x_wconf 82' lang='lat' dir='ltr'>frumento</span> <span class='ocrx_word' id='word_1_386' title='bbox 546 4527 649 4588; x_wconf 90' lang='lat' dir='ltr'>publico</span> <span class='ocrx_word' id='word_1_387' title='bbox 672 4527 875 4589; x_wconf 79' lang='lat' dir='ltr'>(‹··t.V1‚2584:</span> <span class='ocrx_word' id='word_1_388' title='bbox 888 4527 1015 4592; x_wconf 79' lang='lat' dir='ltr'>frumento</span> <span class='ocrx_word' id='word_1_389' title='bbox 1030 4525 1146 4593; x_wconf 82' lang='lat' dir='ltr'>publico,</span> <span class='ocrx_word' id='word_1_390' title='bbox 1167 4526 1274 4593; x_wconf 70' lang='lat' dir='ltr'>collegio</span> <span class='ocrx_word' id='word_1_391' title='bbox 1295 4524 1441 4587; x_wconf 79' lang='lat' dir='ltr'>tibicinum),</span> 
     </span>
     <span class='ocr_line' id='line_1_40' title="bbox 114 4618 1443 4686; baseline 0.002 -23"><span class='ocrx_word' id='word_1_392' title='bbox 114 4632 225 4679; x_wconf 70' lang='lat' dir='ltr'>(quocum</span> <span class='ocrx_word' id='word_1_393' title='bbox 245 4619 271 4666; x_wconf 92' lang='lat' dir='ltr'>id</span> <span class='ocrx_word' id='word_1_394' title='bbox 291 4619 358 4667; x_wconf 89' lang='lat' dir='ltr'>idem</span> <span class='ocrx_word' id='word_1_395' title='bbox 380 4634 434 4668; x_wconf 87' lang='lat' dir='ltr'>osse</span> <span class='ocrx_word' id='word_1_396' title='bbox 455 4619 586 4668; x_wconf 87' lang='lat' dir='ltr'>contendit</span> <span class='ocrx_word' id='word_1_397' title='bbox 600 4620 744 4680; x_wconf 88' lang='lat' dir='ltr'>chzcnus,</span> <span class='ocrx_word' id='word_1_398' title='bbox 765 4619 953 4686; x_wconf 84' lang='lat' dir='ltr'>efficiemusque</span> <span class='ocrx_word' id='word_1_399' title='bbox 973 4620 1032 4670; x_wconf 92' lang='lat' dir='ltr'>inde</span> <span class='ocrx_word' id='word_1_400' title='bbox 1050 4620 1159 4669; x_wconf 87' lang='lat' dir='ltr'>liticines</span> <span class='ocrx_word' id='word_1_401' title='bbox 1179 4620 1321 4669; x_wconf 88' lang='lat' dir='ltr'>cornicines</span> <span class='ocrx_word' id='word_1_402' title='bbox 1336 4618 1443 4683; x_wconf 89' lang='lat' dir='ltr'>publicis</span> 
     </span>
     <span class='ocr_line' id='line_1_41' title="bbox 116 4710 1444 4777; baseline 0.001 -19"><span class='ocrx_word' id='word_1_403' title='bbox 116 4710 295 4760; x_wconf 88' lang='lat' dir='ltr'>emolumentis</span> <span class='ocrx_word' id='word_1_404' title='bbox 314 4712 431 4760; x_wconf 85' lang='lat' dir='ltr'>similiter</span> <span class='ocrx_word' id='word_1_405' title='bbox 450 4727 508 4760; x_wconf 90' lang='lat' dir='ltr'>usos</span> <span class='ocrx_word' id='word_1_406' title='bbox 527 4725 581 4759; x_wconf 87' lang='lat' dir='ltr'>esse</span> <span class='ocrx_word' id='word_1_407' title='bbox 600 4720 676 4775; x_wconf 89' lang='lat' dir='ltr'>atque</span> <span class='ocrx_word' id='word_1_408' title='bbox 695 4711 808 4775; x_wconf 86' lang='lat' dir='ltr'>plebeios</span> <span class='ocrx_word' id='word_1_409' title='bbox 828 4713 861 4761; x_wconf 94' lang='lat' dir='ltr'>ad</span> <span class='ocrx_word' id='word_1_410' title='bbox 879 4712 1034 4762; x_wconf 80' lang='lat' dir='ltr'>frumentum</span> <span class='ocrx_word' id='word_1_411' title='bbox 1052 4712 1180 4777; x_wconf 90' lang='lat' dir='ltr'>publicum</span> <span class='ocrx_word' id='word_1_412' title='bbox 1194 4712 1328 4773; x_wconf 85' lang='lat' dir='ltr'>admissos,</span> <span class='ocrx_word' id='word_1_413' title='bbox 1349 4725 1444 4776; x_wconf 87' lang='lat' dir='ltr'>nequa·</span> 
     </span>
     <span class='ocr_line' id='line_1_42' title="bbox 117 4803 608 4865; baseline 0 -15"><span class='ocrx_word' id='word_1_414' title='bbox 117 4817 193 4865; x_wconf 82' lang='lat' dir='ltr'>quam</span> <span class='ocrx_word' id='word_1_415' title='bbox 215 4803 261 4851; x_wconf 89' lang='lat' dir='ltr'>hos</span> <span class='ocrx_word' id='word_1_416' title='bbox 281 4803 363 4851; x_wconf 86' lang='lat' dir='ltr'>dictos</span> <span class='ocrx_word' id='word_1_417' title='bbox 383 4803 460 4852; x_wconf 79' lang='lat' dir='ltr'>tuisse</span> <span class='ocrx_word' id='word_1_418' title='bbox 480 4809 608 4852; x_wconf 83' lang='lat' dir='ltr'>sensatos.</span> 
     </span>
    </p>

    <p class='ocr_par' dir='ltr' id='par_1_10' title="bbox 116 4892 1443 5138">
     <span class='ocr_line' id='line_1_43' title="bbox 192 4892 1443 4961; baseline -0.002 -18"><span class='ocrx_word' id='word_1_419' title='bbox 192 4892 216 4953; x_wconf 79' lang='lat'>³)</span> <span class='ocrx_word' id='word_1_420' title='bbox 246 4895 323 4959; x_wconf 88' lang='lat' dir='ltr'>Apud</span> <span class='ocrx_word' id='word_1_421' title='bbox 349 4896 515 4945; x_wconf 88' lang='lat' dir='ltr'>Ammiannm</span> <span class='ocrx_word' id='word_1_422' title='bbox 543 4896 588 4954; x_wconf 84' lang='grc'>16,</span> <span class='ocrx_word' id='word_1_423' title='bbox 619 4897 664 4956; x_wconf 88' lang='grc'>12,</span> <span class='ocrx_word' id='word_1_424' title='bbox 690 4896 724 4944; x_wconf 87' lang='grc'>36</span> <span class='ocrx_word' id='word_1_425' title='bbox 751 4901 776 4943; x_wconf 89' lang='lat' dir='ltr'>et</span> <span class='ocrx_word' id='word_1_426' title='bbox 799 4896 936 4947; x_wconf 87' lang='lat' dir='ltr'>secundum</span> <span class='ocrx_word' id='word_1_427' title='bbox 963 4897 1042 4947; x_wconf 89' lang='lat' dir='ltr'>libros</span> <span class='ocrx_word' id='word_1_428' title='bbox 1067 4898 1174 4961; x_wconf 89' lang='lat' dir='ltr'>scriptos</span> <span class='ocrx_word' id='word_1_429' title='bbox 1205 4896 1278 4957; x_wconf 88' lang='lat' dir='ltr'>(teste</span> <span class='ocrx_word' id='word_1_430' title='bbox 1303 4893 1443 4954; x_wconf 87' lang='lat' dir='ltr'>Huelsenn)</span> 
     </span>
     <span class='ocr_line' id='line_1_44' title="bbox 116 4987 1443 5052; baseline 0.002 -19"><span class='ocrx_word' id='word_1_431' title='bbox 116 4987 183 5050; x_wconf 92' lang='lat' dir='ltr'>apud</span> <span class='ocrx_word' id='word_1_432' title='bbox 204 4987 307 5036; x_wconf 86' lang='lat' dir='ltr'>Festum</span> <span class='ocrx_word' id='word_1_433' title='bbox 328 5003 367 5050; x_wconf 84' lang='lat' dir='ltr'>ep.</span> <span class='ocrx_word' id='word_1_434' title='bbox 388 5005 412 5052; x_wconf 92' lang='lat' dir='ltr'>p.</span> <span class='ocrx_word' id='word_1_435' title='bbox 428 4989 462 5035; x_wconf 90' lang='grc'>20</span> <span class='ocrx_word' id='word_1_436' title='bbox 483 4995 507 5035; x_wconf 87' lang='lat' dir='ltr'>ot</span> <span class='ocrx_word' id='word_1_437' title='bbox 526 4987 593 5050; x_wconf 89' lang='lat' dir='ltr'>apud</span> <span class='ocrx_word' id='word_1_438' title='bbox 613 4987 738 5038; x_wconf 85' lang='lat' dir='ltr'>Senecam</span> <span class='ocrx_word' id='word_1_439' title='bbox 758 4989 856 5051; x_wconf 83' lang='lat' dir='ltr'>apocol.</span> <span class='ocrx_word' id='word_1_440' title='bbox 873 4990 919 5049; x_wconf 87' lang='grc'>12,</span> <span class='ocrx_word' id='word_1_441' title='bbox 945 4989 989 5038; x_wconf 92' lang='lat' dir='ltr'>ubi</span> <span class='ocrx_word' id='word_1_442' title='bbox 1015 4990 1097 5039; x_wconf 79' lang='lat' dir='ltr'>codex</span> <span class='ocrx_word' id='word_1_443' title='bbox 1118 4995 1269 5049; x_wconf 77' lang='lat' dir='ltr'>serratorum,</span> <span class='ocrx_word' id='word_1_444' title='bbox 1294 4995 1319 5037; x_wconf 89' lang='lat' dir='ltr'>et</span> <span class='ocrx_word' id='word_1_445' title='bbox 1343 4987 1443 5052; x_wconf 89' lang='lat' dir='ltr'>epistul.</span> 
     </span>
     <span class='ocr_line' id='line_1_45' title="bbox 119 5078 1215 5138; baseline 0.004 -12"><span class='ocrx_word' id='word_1_446' title='bbox 119 5080 220 5138; x_wconf 81' lang='lat'>84,10‚</span> <span class='ocrx_word' id='word_1_447' title='bbox 242 5080 284 5127; x_wconf 82' lang='lat' dir='ltr'>nbi</span> <span class='ocrx_word' id='word_1_448' title='bbox 305 5080 362 5127; x_wconf 89' lang='lat' dir='ltr'>libri</span> <span class='ocrx_word' id='word_1_449' title='bbox 382 5078 549 5128; x_wconf 68' lang='lat' dir='ltr'>circularibus.</span> <span class='ocrx_word' id='word_1_450' title='bbox 589 5079 707 5129; x_wconf 85' lang='lat' dir='ltr'>Editoros</span> <span class='ocrx_word' id='word_1_451' title='bbox 727 5080 836 5129; x_wconf 80' lang='lat' dir='ltr'>sormam</span> <span class='ocrx_word' id='word_1_452' title='bbox 856 5080 976 5130; x_wconf 85' lang='lat' dir='ltr'>traditam</span> <span class='ocrx_word' id='word_1_453' title='bbox 996 5082 1215 5132; x_wconf 85' lang='lat' dir='ltr'>oblitteraverunt.</span> 
     </span>
    </p>

    <p class='ocr_par' dir='ltr' id='par_1_11' title="bbox 122 5169 1444 5328">
     <span class='ocr_line' id='line_1_46' title="bbox 195 5169 1444 5240; baseline 0.004 -22"><span class='ocrx_word' id='word_1_454' title='bbox 195 5169 219 5230; x_wconf 89' lang='lat'>⁴)</span> <span class='ocrx_word' id='word_1_455' title='bbox 251 5173 315 5218; x_wconf 84' lang='lat' dir='ltr'>Actu</span> <span class='ocrx_word' id='word_1_456' title='bbox 336 5187 436 5234; x_wconf 85' lang='lat' dir='ltr'>quoque</span> <span class='ocrx_word' id='word_1_457' title='bbox 456 5174 597 5223; x_wconf 79' lang='lat' dir='ltr'>Sermiana</span> <span class='ocrx_word' id='word_1_458' title='bbox 615 5172 712 5221; x_wconf 87' lang='lat' dir='ltr'>habent</span> <span class='ocrx_word' id='word_1_459' title='bbox 731 5173 761 5221; x_wconf 84' lang='lat' dir='ltr'>fr.</span> <span class='ocrx_word' id='word_1_460' title='bbox 776 5170 874 5222; x_wconf 82' lang='lat' dir='ltr'>VlBG</span> <span class='ocrx_word' id='word_1_461' title='bbox 896 5172 958 5222; x_wconf 86' lang='lat' dir='ltr'>ltaec</span> <span class='ocrx_word' id='word_1_462' title='bbox 979 5174 1056 5224; x_wconf 87' lang='lat' dir='ltr'>verba</span> <span class='ocrx_word' id='word_1_463' title='bbox 1074 5174 1176 5224; x_wconf 87' lang='lat' dir='ltr'>mutila:</span> <span class='ocrx_word' id='word_1_464' title='bbox 1202 5171 1323 5238; x_wconf 79' lang='lat' dir='ltr'>[1]uuoru&#39;</span> <span class='ocrx_word' id='word_1_465' title='bbox 1341 5173 1444 5240; x_wconf 70' lang='lat' dir='ltr'>reginae</span> 
     </span>
     <span class='ocr_line' id='line_1_47' title="bbox 122 5260 683 5328; baseline 0.007 -17"><span class='ocrx_word' id='word_1_466' title='bbox 122 5279 223 5312; x_wconf 81' lang='lat' dir='ltr'>uaccam</span> <span class='ocrx_word' id='word_1_467' title='bbox 242 5260 345 5323; x_wconf 82' lang='lat' dir='ltr'>nlb(um)</span> <span class='ocrx_word' id='word_1_468' title='bbox 369 5262 464 5311; x_wconf 70' lang='lat' dir='ltr'>(trueco</span> <span class='ocrx_word' id='word_1_469' title='bbox 484 5262 580 5313; x_wconf 75' lang='lat' dir='ltr'>Aeliis-o</span> <span class='ocrx_word' id='word_1_470' title='bbox 600 5263 683 5328; x_wconf 82' lang='lat' dir='ltr'>rit[u].</span> 
     </span>
    </p>
   </div>
   <div class='ocr_carea' id='block_1_8' title="bbox 160 5371 1217 5437">
    <p class='ocr_par' dir='ltr' id='par_1_12' title="bbox 160 5371 1217 5437">
     <span class='ocr_line' id='line_1_48' title="bbox 160 5371 1217 5437; baseline 0.008 -9"><span class='ocrx_word' id='word_1_471' title='bbox 160 5371 348 5431; x_wconf 79' lang='lat' dir='ltr'>Erneunms</span> <span class='ocrx_word' id='word_1_472' title='bbox 372 5389 474 5431; x_wconf 78' lang='lat' dir='ltr'>amon.</span> <span class='ocrx_word' id='word_1_473' title='bbox 497 5388 567 5430; x_wconf 75' lang='lat' dir='ltr'>ror..</span> <span class='ocrx_word' id='word_1_474' title='bbox 584 5372 670 5432; x_wconf 89' lang='lat' dir='ltr'>Vlll.</span> <span class='ocrx_word' id='word_1_475' title='bbox 1183 5375 1217 5437; x_wconf 78' lang='lat'>17</span> 
     </span>
    </p>
   </div>
   <div class='ocr_carea' id='block_1_9' title="bbox 0 0 1756 5828">
    <p class='ocr_par' dir='ltr' id='par_1_13' title="bbox 0 0 1756 5828">
     <span class='ocr_line' id='line_1_49' title="bbox 0 0 1756 5828; baseline 0 0"><span class='ocrx_word' id='word_1_476' title='bbox 0 0 1756 5828; x_wconf 95' lang='lat' dir='ltr'> </span> 
     </span>
    </p>
   </div>
  </div>
 </body>
</html>
