3472 5828
559 586 732 635 ivnonvu
759 586 1030 636 ssscvcnnivu.
1386 566 1458 636 275

338 759 367 814 in
397 778 450 814 ara
477 770 597 829 ornutu3
630 770 735 816 contra
761 777 826 814 eum
855 757 1001 815 Hercules
1030 767 1089 814 stat
1115 777 1181 815 cum
1210 757 1295 814 clava
1321 770 1350 815 et
1382 758 1458 834 pelle

338 860 446 931 taonis,
475 862 543 917 item
568 861 750 918 victimarius
777 878 896 936 porcum
925 859 1082 917 adducens.
1133 858 1216 915 Pone
1242 877 1323 916 aram
1351 860 1458 917 tibicen

339 973 423 1018 stans
445 973 474 1018 et
496 962 632 1022 hechas
663 963 731 1018 item
759 972 842 1019 stans
868 962 1041 1042 cantharum
1065 972 1093 1018 et
1119 963 1253 1035 thyrsum
1282 972 1385 1018 tenens
1414 963 1458 1032 (in

336 1064 512 1137 quibusdam
541 1064 659 1122 adiacet
683 1063 854 1143 panthera).
904 1067 981 1120 Ante
1008 1083 1089 1120 aram
1113 1062 1218 1123 Tellus
1245 1082 1320 1138 qnae
1344 1063 1460 1120 videtur

336 1167 437 1223 iacens
460 1167 497 1223 ud
520 1168 637 1223 corbem
661 1177 691 1223 et
712 1166 810 1241 spicas
832 1178 934 1223 tenens
958 1163 1223 1238 (coherceant
1245 1185 1274 1241 p.
1292 1167 1330 1222 14
1353 1186 1379 1224 n.
1400 1166 1456 1222 105

336 1269 451 1336 -110;
478 1267 589 1325 Eckhel
613 1268 641 1333 7,
668 1267 739 1334 185;
764 1267 878 1325 minora
900 1284 977 1342 quae
999 1266 1138 1325 differunt
1159 1267 1268 1340 omisi).

287 1390 444 1445 Antoninus
462 1387 532 1444 Pius
551 1391 624 1462 Aup.
638 1397 714 1462 pont.
737 1398 772 1442 tr.
790 1407 820 1462 p.
840 1386 917 1458 VII)
941 1387 1008 1459 (cos.
1033 1387 1091 1444 tua.
1107 1404 1181 1444 saec.
1198 1389 1271 1460 seca
1292 1388 1321 1444 in
1338 1388 1458 1444 ahenois

336 1490 554 1547 addituram:
577 1502 627 1547 aut
650 1488 836 1564 praecedenti
859 1488 966 1546 similis
990 1500 1042 1546 aut
1063 1506 1099 1546 eo
1121 1487 1274 1556 differens,
1303 1489 1381 1565 quod
1405 1509 1456 1544 ara

335 1601 365 1648 et
387 1593 549 1666 imperator
571 1593 679 1648 absunt
700 1601 730 1647 et
751 1599 1009 1668 repraesentantur
1028 1589 1175 1649 Hercules
1197 1602 1226 1648 et
1240 1590 1376 1648 Bacchus
1399 1592 1455 1647 soli

335 1695 378 1750 sic
400 1704 432 1751 ut
454 1693 698 1769 supradiximus
721 1694 817 1750 ornati
840 1690 956 1768 (Cohen
981 1692 999 1748 l.
1015 1711 1040 1750 c.
1062 1712 1090 1769 p.
1113 1693 1166 1751 147
1191 1712 1219 1749 n.
1236 1691 1381 1767 48-52).

284 1813 405 1871 Scor-rus
428 1813 498 1871 Pius
514 1814 604 1889 Aup.)
627 1813 728 1886 (sacra
751 1815 920 1871 saecularia.
959 1812 1068 1870 Antias
1091 1823 1244 1887 utsupra.
1282 1812 1316 1869 In
1341 1813 1455 1888 postica

335 1919 489 1993 Augustus
512 1924 571 1972 stat
593 1915 629 1971 ad
653 1932 688 1980 s..
711 1915 818 1972 librum
843 1927 956 1986 tenens,
979 1916 1151 1972 sacrificans
1175 1915 1202 1971 in
1221 1934 1272 1971 ars
1287 1924 1394 1972 ornata
1408 1933 1454 1972 ac·

333 2035 441 2087 censa;
461 2029 563 2075 contra
585 2036 651 2075 eum
676 2019 844 2074 Antoninus
867 2036 941 2093 puer
962 2028 1061 2086 stans3
1084 2035 1160 2092 pone
1184 2036 1265 2074 uram
1289 2013 1456 2074 Concordia

334 2131 430 2181 stans,
459 2119 496 2175 ad
520 2119 576 2177 sin.
599 2120 720 2189 tibicen,
749 2129 816 2176 anto
840 2138 921 2176 aram
943 2118 1114 2193 Tiberis(?)
1138 2137 1230 2175 urnae
1253 2118 1387 2187 innixam
1417 2118 1454 2174 ad

333 2221 361 2277 d.
385 2221 495 2277 semina
523 2220 666 2295 plectrum
694 2232 835 2296 tangens3
865 2229 1027 2279 retrorsum
1051 2220 1116 2278 vela
1143 2218 1262 2294 (conen
1286 2221 1304 2276 l.
1322 2239 1346 2278 c.
1371 2240 1397 2295 p.
1416 2219 1453 2279 65

334 2345 362 2379 n.
379 2322 577 2394 sss-626).

283 2443 323 2498 M.
350 2443 447 2499 Aurei,
473 2443 634 2500 Antoninus
658 2443 726 2499 Pius
750 2443 843 2517 Aap.)
870 2445 971 2514 (sacra
992 2443 1167 2500 saecularia:
1197 2441 1383 2516 praecedenti
1414 2443 1452 2498 si·

333 2544 411 2601 milis
434 2541 551 2618 (Cohen
575 2544 594 2600 l.
611 2564 636 2601 c.
660 2563 688 2619 p.
705 2544 773 2601 201.
798 2545 868 2602 555.
892 2544 977 2619 556).

284 2665 316 2722 P.
330 2664 481 2739 Septimius
501 2661 573 2722 Geta
590 2665 685 2739 Caes.)
708 2666 884 2739 (sacntlaria
899 2684 1001 2722 sacra:
1021 2684 1043 2723 s.
1057 2683 1079 2721 ο.
1115 2664 1186 2722 Filii
1206 2664 1264 2721 duo
1284 2664 1453 2721 sacrificant

332 2768 368 2823 sd
392 2786 508 2845 aram3·
517 2785 593 2842 pone
616 2786 668 2825 eos
691 2776 776 2841 pater
800 2778 871 2835 stat3
900 2786 976 2842 pone
1004 2768 1204 2825 sacrificantes
1231 2766 1320 2824 aedes
1348 2780 1453 2823 ornata

334 2869 420 2936 velis3
443 2868 564 2926 adstant
586 2870 614 2925 in
636 2869 814 2944 quibasdam
839 2870 945 2926 tibicen
969 2877 998 2925 et
1020 2870 1141 2927 tibicina
1160 2879 1189 2926 et
1204 2869 1318 2926 adiacet
1333 2868 1452 2926 Tiberis

332 2968 448 3042 (Cohen
472 2971 490 3028 l.
507 2990 531 3028 c.
556 2989 583 3044 p.
602 2969 660 3027 272
685 2992 712 3028 n.
735 2971 798 3028 its.
826 2972 906 3046 180).
961 2970 1042 3028 Idem
1065 2971 1126 3027 lere
1148 2988 1285 3029 nummus
1309 2972 1452 3044 reperitur

330 3093 395 3130 cum
416 3073 605 3148 inscriptione
626 3071 697 3131 Geta
716 3071 794 3131 Caes.
813 3076 915 3148 pontif.
937 3092 992 3131 cos.
1016 3070 1132 3145 (Cohen
1154 3072 1174 3130 l.
1191 3091 1215 3130 c.
1239 3092 1266 3129 n.
1284 3072 1350 3130 177,
1372 3073 1451 3148 178),

330 3193 418 3232 cusas
440 3175 530 3249 igitur
553 3194 610 3232 non
633 3186 700 3234 ante
723 3195 748 3232 s.
766 3173 836 3247 205,
858 3194 917 3251 quo
940 3174 1018 3234 Geta
1039 3175 1136 3233 fasces
1159 3175 1293 3251 sumpsit.

128 3295 321 3351 Meminerant
357 3314 456 3352 eorum
485 3292 669 3352 Censorinus
703 3316 726 3351 a.
753 3297 803 3352 17:
846 3306 958 3353 octavos
991 3295 1087 3369 (ladas
1119 3295 1281 3353 saeculares
1305 3297 1450 3369 fecarunt)

128 3401 307 3470 imperatores
335 3395 486 3470 Septimius
514 3408 539 3454 et
565 3397 605 3452 M.
631 3398 766 3454 Aurelius
791 3401 949 3454 Antoninus
978 3398 1076 3455 Cilone
1104 3408 1128 3455 et
1155 3396 1264 3454 Libone
1292 3415 1346 3455 cos.
1375 3417 1450 3454 anno

129 3496 356 3557 DCCCCLVII
384 3508 413 3555 ct
439 3498 576 3555 Zosimus
600 3499 632 3570 2,
656 3503 673 3555 4
704 3499 753 3572 (al.
778 3518 800 3555 c.
820 3499 865 3574 U:
896 3497 908 3554 ὁ
940 3490 1069 3579 §ellipse
1098 3500 1152 3554 raia
1180 3491 1249 3555 diuo
1277 3490 1325 3555 uni
1352 3493 1450 3555 incertia

127 3591 280 3654 ἐνστάντων
303 3597 367 3656 ἐτῶν
390 3593 449 3661 ἅμα
476 3601 531 3658 τοῖς
554 3589 649 3656 notaio
669 3596 820 3674 ’Avrmvt'apt
843 3592 889 3656 nni
911 3592 983 3672 Γὲτᾳ
1010 3596 1059 3668 τὴν
1082 3595 1168 3656 adria
1194 3597 1286 3679 ἑορτὴν
1313 3592 1449 3668 κατεπτή-

127 3724 196 3755 σνννο
219 3696 340 3760 Χίλωνος
361 3692 408 3757 καὶ
431 3693 558 3765 Λίβωνος
579 3688 666 3758 ὄντων
688 3692 819 3768 rirn'rur,
848 3704 973 3779 denique
997 3703 1130 3779 aequalis
1153 3703 1345 3761 Herodianus
1368 3705 1397 3774 3,
1421 3702 1449 3772 8,

130 3804 179 3859 10:
208 3796 313 3858 albanen
336 3792 365 3859 dl
388 3799 435 3859 ἐπ’
452 3801 541 3859 αὐτοῦ
564 3804 632 3877 (snb
656 3804 781 3879 Severo)
808 3794 854 3861 real
879 3796 953 3861 Sina
979 3807 1058 3860 τινοῖν
1080 3799 1269 3861 παντοδαπῶν
1291 3798 1449 3860 θεαμάτων

127 3903 153 3959 ἐν
176 3905 246 3959 πᾶσι
269 3896 403 3987 θεάτροις
425 3903 505 3973 ὁμοῦ,
529 3901 684 3988 ἱερουργίας
707 3930 735 3962 τε
757 3902 804 3963 uoti
826 3900 1012 3983 παννυχίδας
1034 3901 1273 3967 ε’πιτολετθειόας
1294 3904 1323 3966 ἐς
1343 3929 1448 3974 aursn-

126 4000 186 4086 pt'an
213 4001 311 4074 ζῆλον·
339 4000 465 4066 αἰωνίους
487 3998 517 4064 δὲ
540 4003 630 4066 atlrrlc
652 4000 773 4066 ἐκάλουν
796 4009 818 4066 οἱ
840 4001 914 4076 ra'rs,
940 4000 1089 4071 ακοοόντες
1111 4012 1186 4090 τριῶν
1209 4010 1314 4083 γενεῶν
1336 4004 1448 4087 διαδρα-

126 4109 237 4165 αουσοῖν
260 4106 463 4166 ἔπιτελεῖτὲαν.
507 4104 624 4190 anparere
651 4113 722 4186 γοῦν
749 4102 825 4168 κατα
852 4135 882 4167 τι
909 4106 958 4180 τὴν
978 4103 1085 4182 Ῥώμην
1107 4102 1153 4167 nul
1181 4106 1229 4175 τῆν
1249 4103 1374 4166 Ἰταλίαν
1397 4107 1449 4167 δοε-

126 4203 230 4275 φοῖτων
251 4212 404 4270 καλοῦντες
427 4205 500 4280 ἥκειν
523 4204 569 4268 real
590 4208 772 4270 &rasannr
792 4206 904 4273 πάντας
927 4199 944 4267 tl
968 4209 1035 4275 τιν’τε
1058 4202 1130 4270 εἶδον
1153 4206 1221 4282 μήτε
1244 4203 1378 4276 inlaterat.

208 4308 431 4382 Commentarii,
454 4333 512 4388 quo
536 4315 674 4373 seriarum
699 4316 800 4373 barum
824 4325 890 4372 acta
911 4316 1146 4381 continebantur,
1169 4315 1314 4392 propositi
1338 4315 1376 4370 ibi
1401 4317 1447 4373 ubi

126 4413 290 4470 saecularia
312 4415 460 4472 celebrata
482 4426 579 4487 erant,
606 4437 705 4473 earum
730 4419 840 4492 puriter
863 4430 952 4493 atque
975 4418 1115 4474 similium
1139 4420 1223 4476 testis
1247 4417 1380 4493 perpetui
1404 4418 1447 4475 fu·

126 4515 197 4585 turi,
226 4516 254 4571 in
278 4519 349 4573 urbo
372 4518 469 4574 Roma
497 4520 524 4574 in
548 4520 680 4576 Tarento
704 4521 845 4594 reliquiae
874 4540 966 4596 nuper
993 4520 1101 4577 ibidem
1129 4520 1265 4578 inventae
1293 4531 1362 4578 sunt
1391 4540 1447 4576 una

125 4636 188 4672 cum
212 4619 286 4674 actis
309 4621 462 4694 Augustis.
513 4620 571 4677 Sed
596 4622 722 4697 ingentis
750 4623 826 4698 cippi
851 4642 937 4697 quarn
966 4623 1091 4697 exiguae
1119 4622 1260 4697 reliquias
1287 4623 1447 4696 supersint,

125 4717 286 4775 declarabit
310 4742 396 4795 qntnn
421 4726 585 4797 composuit
610 4724 779 4781 Huelsonus
804 4733 902 4782 noster
924 4744 1023 4781 earum
1047 4726 1134 4801 quasi
1156 4725 1299 4800 quaedam
1323 4725 1445 4782 tabella:
