3472 5828
317 524 388 594 296
930 537 1026 588 scra
1088 512 1092 521 ’

314 716 437 772 alterum
461 715 496 771 de
512 712 678 788 Cyzicenis,
701 713 810 788 qnippe
832 712 860 767 io
884 729 944 787 quo
966 721 1033 787 post
1055 720 1147 768 testes
1171 719 1321 784 pergatur:
1345 712 1480 765 sententia
1502 709 1581 764 dieto
1602 706 1641 763 ab

317 821 412 892 Appio
432 813 676 884 (dedocendae,
698 831 786 889 quam
803 812 964 870 verisimile
985 824 1030 870 est
1051 811 1132 887 (nam
1157 810 1309 887 sequentia
1331 810 1550 884 desiderantur)
1574 828 1641 883 per·

314 919 454 991 scriptam
482 916 575 974 fuisse
599 916 696 972 verbis
724 915 857 985 directis,
884 915 961 973 sieut
987 914 1150 991 perscripta
1176 924 1254 970 uerte
1281 922 1328 970 est
1352 912 1381 968 in
1405 912 1554 969 Italicensi
1579 931 1640 968 non

316 1019 432 1076 babenti
457 1019 511 1076 nisi
534 1033 647 1093 partem
672 1017 842 1074 sententiae.
881 1013 982 1074 Solam
1005 1017 1190 1085 sententiam,
1213 1032 1279 1072 eam
1299 1014 1421 1084 scilieet,
1444 1031 1532 1087 quam
1554 1031 1641 1071 sena·

315 1130 362 1177 tus
389 1129 505 1177 secutus
528 1131 581 1181 est,
604 1118 705 1176 reierrl
729 1117 796 1176 inde
817 1118 1017 1179 confirmatur.
1044 1117 1122 1192 quod
1145 1117 1221 1173 inter
1242 1134 1274 1171 se
1296 1115 1477 1189 respondent
1499 1115 1555 1172 loni
1578 1114 1641 1170 duo

315 1222 351 1279 de
370 1222 451 1278 feriis
471 1204 626 1278 servandis
646 1220 876 1296 nominibusque
896 1237 1012 1278 reorum
1032 1217 1198 1287 abolendis,
1222 1217 1303 1292 prior
1321 1217 1345 1287 Ι,
1363 1217 1410 1275 29.
1427 1218 1467 1273 30
1486 1218 1640 1292 pertinens

315 1324 351 1379 ad
373 1341 529 1379 cansarum
553 1322 771 1395 expositionem
796 1321 872 1394 (cam
893 1339 938 1380 res
959 1325 1000 1378 ita
1021 1339 1051 1378 se
1073 1320 1216 1394 labeant),
1238 1302 1385 1394 posterior
1406 1319 1430 1385 l,
1446 1317 1577 1375 44-46
1601 1319 1639 1375 ad

315 1425 423 1479 decreti
448 1424 675 1499 postulationem
699 1422 929 1498 (uticenses),
952 1441 1079 1497 quorum
1101 1441 1165 1479 eum
1190 1421 1271 1496 prior
1293 1423 1322 1477 in
1343 1422 1454 1497 primae
1475 1421 1641 1477 sententiae

316 1526 460 1600 principio
489 1527 603 1599 positus
630 1527 682 1596 sit,
710 1525 856 1582 seeuudus
879 1536 1042 1582 extremum
1065 1524 1125 1582 lere
1148 1523 1244 1580 locum
1267 1523 1297 1580 in
1323 1523 1426 1580 ‹eadern
1450 1533 1562 1579 teneat.
1589 1522 1641 1577 ud-

316 1627 414 1683 seosui
439 1637 603 1683 ceterorum
626 1627 807 1684 enuntiando
829 1628 912 1685 locus
935 1626 1033 1685 nullus
1056 1633 1196 1682 remanet.

398 1727 542 1804 Collegiis
566 1729 753 1786 sacerdotum
776 1730 824 1786 ius
847 1728 941 1786 fuisse
964 1727 1117 1785 nuntiandi
1141 1727 1170 1784 in
1186 1737 1290 1784 senatu
1306 1736 1336 1783 et
1350 1726 1442 1784 verba
1456 1726 1495 1782 ibi
1512 1726 1641 1784 faciendi

315 1831 384 1887 alibi
409 1832 536 1904 exposui
558 1830 751 1905 (Staatsreclrt
772 1831 800 1899 3,
821 1830 905 1893 959).
948 1829 1076 1888 Faciunt
1098 1828 1127 1885 id
1151 1837 1264 1886 stantes
1287 1837 1355 1886 ante
1376 1827 1528 1886 eonsulem
1558 1826 1592 1901 (l.
1613 1845 1641 1883 e.

316 1933 345 2000 3,
361 1931 421 1988 960
443 1950 472 1988 n.
488 1929 531 2005 2).

399 2030 581 2106 Calpurnius
603 2034 767 2105 Maximus,
792 2052 880 2109 quem
902 2042 1027 2108 apparet
1049 2034 1175 2107 primum
1198 2032 1373 2089 sententiam
1396 2031 1524 2099 dixisse,
1553 2051 1642 2106 prae·

317 2146 395 2192 terea
417 2135 524 2209 opinor
545 2137 665 2211 ignotus
687 2153 746 2210 quo
769 2137 832 2193 iure
854 2135 883 2191 id
905 2135 1017 2207 feeerit,
1042 2154 1080 2192 ex
1103 2135 1140 2192 iis
1163 2154 1238 2211 qnae
1261 2134 1403 2192 habemus
1425 2151 1482 2191 non
1506 2146 1640 2209 apparet.

318 2237 487 2293 Verisimile
514 2246 560 2294 est
584 2255 621 2293 ea
647 2246 743 2294 aetate
772 2256 809 2294 ex
836 2238 1041 2295 consularibus
1071 2256 1137 2294 eum
1169 2237 1291 2312 primam
1320 2237 1496 2294 sententiam
1525 2235 1642 2292 dixisse

316 2357 402 2413 quem
419 2338 533 2393 consuli
559 2337 739 2412 praesidenti
762 2339 886 2414 primum
903 2357 1008 2413 rogare
1032 2339 1193 2414 placuisset
1213 2336 1405 2412 (Staotsreellt
1421 2340 1448 2401 3,
1465 2337 1553 2412 976);
1575 2338 1641 2394 fieri

318 2451 423 2515 potest,
445 2460 503 2514 quo
527 2439 606 2497 dueit
629 2440 936 2498 senatusconsultum
959 2440 995 2498 de
1011 2438 1178 2516 Cyzicenis,
1202 2454 1233 2496 ut
1254 2441 1281 2497 is
1304 2440 1464 2497 seeundum
1488 2440 1640 2514 antiquam

316 2541 555 2599 consuetudinum
582 2541 707 2617 primum
731 2542 843 2618 rogarit
863 2543 1051 2617 potissimum
1074 2542 1223 2599 consulem
1248 2542 1375 2616 aliquem
1398 2541 1586 2616 designatum
1613 2552 1643 2597 et

318 2645 371 2700 lrae
393 2642 597 2717 designatione
619 2643 676 2700 iam
699 2643 917 2719 quodammodo
939 2653 1088 2719 receptum
1112 2645 1188 2701 inter
1210 2643 1393 2701 consulares.
1431 2640 1490 2700 Sed
1507 2651 1576 2719 post
1591 2661 1642 2699 no·

318 2765 383 2803 meu
407 2755 503 2800 utrum
527 2746 556 2800 in
579 2744 677 2820 lapide
699 2745 789 2802 fuerit
809 2765 835 2803 o.
855 2763 877 2802 c.
901 2764 937 2803 ao
960 2764 1016 2803 eos.
1040 2747 1109 2815 dea,
1131 2746 1294 2821 ignoratur.

400 2845 489 2922 Legit
516 2847 552 2902 de
582 2847 693 2922 scripto
721 2857 780 2903 tam
809 2848 835 2903 is
865 2849 914 2922 qui
944 2847 1035 2904 verba
1063 2848 1133 2904 lacit
1161 2865 1249 2922 quam
1278 2849 1327 2921 qui
1357 2848 1531 2904 sententiam
1561 2848 1642 2905 dicit.

319 2948 349 3004 ld
373 2966 550 3023 quamquam
574 2949 602 3004 io
626 2949 772 3006 sententia
793 2957 872 3005 certe
895 2967 951 3005 non
976 2967 1042 3004 raro
1066 2948 1158 3005 libera
1180 2950 1332 3005 etiamtum
1356 2968 1387 3004 re
1406 2949 1527 3025 publiea
1544 2951 1644 3007 evenit

317 3049 510 3123 (Stantsreclrt
531 3050 559 3117 3,
576 3049 661 3123 980),
685 3050 741 3107 hac
763 3058 860 3107 aetate
882 3050 1010 3108 fortasse
1032 3051 1196 3127 legitimum
1221 3050 1328 3107 laetum
1352 3059 1398 3108 est
1419 3051 1518 3124 itaque
1541 3069 1642 3126 snper-

318 3151 414 3208 sederi
438 3152 534 3226 potuit
556 3150 741 3226 aliquatenus
764 3170 856 3226 opera
877 3153 1069 3209 notariorum.

401 3252 588 3326 Quamquam
613 3253 734 3309 meliore
761 3263 857 3310 aetate
885 3254 913 3309 io
942 3254 1024 3310 ouria
1053 3254 1145 3311 sellae
1173 3255 1289 3311 curules
1317 3255 1472 3312 consulum
1502 3265 1532 3310 nt
1559 3255 1644 3329 ipsae

319 3373 410 3428 supra
431 3354 574 3410 srrbsellla
595 3355 773 3425 eminebant,
796 3357 838 3412 ita
859 3358 889 3412 in
915 3356 1001 3428 plano
1022 3357 1160 3413 videntur
1181 3356 1344 3412 collocatae
1367 3357 1467 3424 fuisso,
1490 3368 1568 3413 certe
1593 3377 1644 3414 ne-

318 3476 374 3529 quo
401 3456 470 3512 alibi
500 3474 594 3529 neque
623 3457 651 3511 in
679 3457 828 3513 narranda
848 3457 938 3513 caedo
962 3454 1102 3514 Caesaris
1125 3458 1279 3515 dictatoris
1306 3458 1464 3515 tribunalis
1492 3461 1569 3515 intra
1594 3478 1644 3516 cn·

236 3581 241 3591 ¹
319 3559 391 3613 riarn
416 3557 474 3613 ulla
497 3558 606 3613 mentio
628 3558 670 3627 fit,
698 3559 754 3615 iam
779 3579 816 3615 ex
839 3559 921 3615 hisce
944 3560 1017 3615 actis
1040 3559 1221 3635 intellegitur
1241 3569 1336 3617 aetate
1359 3561 1549 3635 imperatoria
1572 3580 1644 3617 eon·

319 3659 413 3714 snlnm
438 3659 527 3715 sellas
550 3660 625 3715 dnae
648 3660 809 3717 collocatas
833 3661 924 3718 luisse
943 3663 973 3717 in
993 3672 1135 3735 suppeto,
1157 3661 1294 3736 idemque
1311 3681 1387 3719 nune
1404 3663 1536 3720 videmus
1551 3665 1645 3737 signi-

319 3761 400 3816 ficari
425 3760 472 3815 ubi
495 3761 619 3818 Tacitus
641 3762 682 3818 ait
704 3780 772 3818 aon.
792 3761 838 3830 16,
857 3763 896 3818 30
918 3780 984 3819 reos
1007 3764 1127 3820 stetisse
1150 3774 1214 3820 ante
1236 3763 1362 3820 tribunal
1383 3766 1541 3833 consultam
1565 3783 1645 3837 quae

321 3863 410 3918 verba
431 3873 518 3919 antea
541 3882 598 3919 non
623 3873 700 3921 recte
722 3865 933 3939 interpretatus
957 3882 1021 3922 sum
1044 3863 1236 3939 (Stoatareclrt
1257 3867 1285 3936 3,
1309 3864 1393 3939 932).
1436 3866 1549 3923 Eodem
1573 3866 1643 3923 item

318 3963 481 4020 referemus
504 3964 582 4038 quod
601 3963 709 4020 Florus
734 3963 816 4033 2,13
840 3966 916 4022 inter
937 3966 1067 4025 honores
1089 3968 1343 4026 extraordinarios
1359 3967 1482 4026 Caesari
1505 3969 1645 4026 dictatori

320 4065 446 4122 tributos
474 4076 633 4138 arrpqeetum
659 4070 689 4122 lo
717 4072 797 4125 ouria
824 4069 972 4138 nominat3
1005 4089 1072 4127 nam
1101 4088 1278 4145 quamquam
1306 4070 1342 4126 de
1365 4068 1494 4127 Caesare
1522 4072 1644 4135 erravit,

320 4185 384 4223 curn
403 4163 563 4224 Suetonius
581 4165 668 4225 Caes.
683 4168 720 4224 76
745 4170 772 4224 io
796 4169 883 4226 simili
907 4169 971 4226 loeo
994 4173 1086 4228 aedera
1107 4190 1224 4228 auream
1245 4175 1273 4228 r'n
1297 4176 1378 4229 ouria
1401 4173 1541 4234 nominet,
1564 4188 1645 4229 reete

319 4268 559 4325 consuetudinem
588 4269 697 4327 liberae
725 4271 765 4326 rei
793 4270 930 4344 publicae
957 4273 1096 4347 opposuit
1121 4275 1146 4329 ei
1174 4274 1300 4347 quaein
1323 4292 1377 4332 usu
1401 4275 1456 4332 fult
1478 4276 1565 4331 aetati
1589 4277 1645 4332 im·

320 4368 477 4441 paratoria.
522 4369 630 4429 Gaium
653 4372 753 4445 itaque
776 4391 840 4428 eum
863 4375 1052 4446 reprehendit
1075 4374 1134 4431 Dio
1150 4374 1199 4445 59,
1216 4374 1255 4432 26
1279 4388 1399 4452 propter
1421 4369 1505 4439 ldie«
1525 4367 1646 4442 ὑψηλὸν

319 4469 345 4525 ἓν
366 4473 405 4545 τῷ
425 4462 627 4552 βουλευτηρίῳ,
648 4465 719 4529 aiore
739 4466 843 4540 μηδένα
862 4471 1051 4553 ἐξικνεῖσθαι,
1075 4495 1131 4532 non
1155 4478 1282 4534 tribuual
1307 4479 1400 4553 ipsum
1423 4480 1449 4536 ei
1471 4478 1645 4554 exprobrat,

319 4571 371 4628 sed
395 4573 551 4631 tribunalis
573 4574 766 4633 altitudinem.

403 4671 486 4745 Quae
515 4688 720 4750 proponuntur
746 4679 860 4735 senatui
889 4679 1086 4750 decernenda,
1116 4682 1263 4739 tralaticia
1290 4683 1389 4740 omnia
1418 4701 1485 4740 esse
1512 4685 1645 4741 ostendit

319 4776 500 4850 comparatio
523 4789 653 4835 aetorum
671 4782 881 4856 Augustorum,
904 4800 1000 4855 oeque
1016 4783 1109 4839 multa
1124 4784 1314 4859 suppeditant
1331 4785 1481 4841 notabilia.
1515 4785 1643 4843 Docerni

320 4877 505 4951 potissimum
528 4880 563 4936 de
587 4882 753 4956 sumptibus
775 4900 839 4938 eum
864 4882 998 4941 ludorum
1024 4883 1061 4956 (I,
1078 4883 1125 4942 23.
1143 4884 1197 4958 29)
1220 4895 1281 4942 tum
1302 4887 1397 4962 eapite
1420 4888 1480 4942 alio
1496 4907 1643 4944 commen·

321 4978 385 5034 tarii
410 4979 555 5037 incidendi
579 4982 618 5056 (l,
635 4983 683 5039 47.
699 4983 753 5057 48)
777 4996 1007 5042 consentaneum
1030 4997 1083 5043 est.
1121 4984 1264 5062 Sumptus
1283 4989 1449 5045 etiamnunc
1469 4989 1540 5045 lacit
1560 5008 1641 5045 oera-

319 5083 392 5135 riunr
413 5082 514 5157 popnlr'
532 5085 654 5140 Romani
675 5085 712 5157 (l,
730 5083 782 5158 29)
807 5087 852 5144 vel
877 5088 931 5144 lrae
953 5099 1049 5144 aetate
1072 5109 1089 5145 a
1111 5091 1183 5146 fiseo
1205 5089 1352 5146 diversum
1375 5102 1405 5147 et
1426 5112 1444 5146 a
1466 5102 1568 5148 senatu
1592 5093 1643 5148 arl-

321 5182 527 5241 ministratnm.
573 5184 658 5258 Quod
689 5187 760 5244 liunt
787 5193 925 5246 contonam·
952 5189 1100 5265 depensa]
1131 5191 1190 5262 (ita
1215 5191 1292 5247 onim
1324 5194 1417 5267 magis
1444 5193 1642 5268 supplendum
