3472 5828
563 503 742 556 uvnonvn
768 504 1039 558 suucvuunrvu.
1392 485 1464 558 235

142 606 293 617 m—

138 681 189 740 υνῖν
208 674 245 750 μὴ
269 669 437 745 ἐμμενόντων
458 679 521 738 ταῖς
542 669 721 749 συνθήκαις,
748 673 827 737 timi
849 672 944 737 abacti
965 669 1225 749 μιταθαλλυμῖνυν
1245 668 1293 739 nai
1314 670 1466 748 πυλνμυιῖν-

138 807 194 843 rav
220 778 316 843 adroic
343 780 489 859 Sibyllam
517 781 662 840 cecinisse
687 777 928 841 ἔπντελασθτνσυῖν
955 785 1010 842 ταῖν
1035 778 1161 867 θεωριῶν
1187 773 1294 842 τουτων
1320 776 1468 861 ὑποταγή-

138 883 251 946 σετθαν
277 879 344 948 ταὶς
370 880 544 962 ἀφεστῶτας
568 877 718 953 Λατίνους,
751 885 782 944 id
809 887 890 964 qnod
917 887 1108 947 confirmatur
1132 888 1200 966 ipso
1226 885 1367 947 carminis
1395 888 1467 946 fine:

139 982 192 1048 κατ’
210 1012 254 1046 σοι
275 979 361 1045 πάσα
382 983 476 1066 χθὼν
495 980 591 1056 'lecti
618 980 666 1044 uui
688 989 773 1046 παῖσα
793 982 917 1047 Λατίνων
939 977 997 1046 aiiv
1018 984 1073 1049 ini
1096 980 1276 1073 σκῆπτρυιυιν
1296 980 1468 1066 ἐπαυχὲννυν

140 1085 231 1168 Cupio
252 1080 360 1170 ἕξενῑ).
394 1089 540 1149 Ducimur
560 1090 602 1148 ita
623 1090 660 1147 ad
681 1090 753 1149 belli
770 1090 869 1150 Italici
891 1093 1024 1151 exordia.
1058 1092 1122 1152 Iam
1144 1093 1193 1152 ubi
1215 1092 1468 1168 circumspicimus

140 1213 219 1271 quae
242 1195 277 1252 de
299 1193 377 1252 ludis
399 1192 601 1251 saecularibus
623 1194 688 1251 sive
710 1195 789 1252 veris
812 1195 873 1253 sive
895 1195 1011 1253 ficticiis
1034 1195 1143 1254 tradita
1164 1196 1323 1267 habemus,
1350 1212 1469 1254 carmen

140 1298 171 1356 id
194 1296 285 1355 nullis
307 1315 408 1354 eorum
430 1295 569 1353 convenit
591 1295 649 1353 nisi
671 1297 710 1354 iis
732 1297 782 1373 qui
805 1296 944 1356 dicuutur
959 1298 1030 1356 editi
1050 1315 1117 1357 esse
1139 1318 1218 1357 auno
1240 1318 1267 1356 n.
1283 1317 1307 1356 c.
1325 1295 1395 1369 628,
1417 1298 1469 1373 qui

140 1401 279 1476 proxime
301 1398 466 1475 praecessit
487 1417 553 1455 eum
576 1416 634 1473 quo
653 1398 827 1457 Italicorum
848 1400 919 1458 urbs
941 1401 1083 1477 primaria
1096 1400 1253 1478 Fregellae
1270 1410 1378 1477 ,captae
1401 1408 1471 1459 sunt

141 1513 172 1562 et
193 1502 318 1559 dirutae.
364 1500 498 1573 Quocum
520 1500 700 1578 iungendum
722 1509 781 1572 est,
809 1501 888 1577 qnod
914 1502 1039 1561 alterum
1062 1506 1295 1579 supracitatum
1318 1503 1470 1561 oraculum
1557 1502 1562 1510 ’

141 1606 252 1664 editum
276 1622 341 1662 esse
364 1604 471 1661 dicitur
492 1612 614 1680 propter
636 1603 842 1678 androgynum
865 1612 966 1663 natum
990 1626 1069 1664 anuo
1091 1607 1158 1682 ipso
1179 1614 1332 1683 captarum
1349 1605 1470 1682 Fregel·

141 1709 247 1766 larum.
293 1706 341 1765 Ab
363 1725 399 1764 eo
421 1707 510 1782 igitur
528 1700 611 1763 'anuo
633 1706 683 1781 qui
705 1724 822 1764 carmen
848 1707 923 1765 illud
947 1709 1116 1784 composuit
1137 1708 1288 1767 saeculum
1309 1725 1396 1766 suum
1418 1727 1471 1765 an-

142 1828 248 1870 nornm
272 1806 328 1868 CX
349 1809 473 1867 deduxit
492 1817 532 1878 et,
554 1808 580 1866 si
602 1809 632 1866 id
655 1827 720 1867 curn
743 1809 950 1887 palingenesia
971 1828 1116 1869 annorum
1133 1808 1299 1870 ccccxl.
1318 1810 1473 1868 coniunxit

143 1924 174 1972 et
195 1911 346 1970 saeculum
368 1911 421 1968 illo
437 1930 515 1969 anno
537 1911 679 1987 incipiens
700 1912 765 1970 eins
786 1912 901 1988 periodi
924 1919 1062 1988 quartum
1084 1913 1163 1985 iecit,
1185 1914 1334 1971 cardinem
1357 1912 1471 1989 periodi

144 2035 254 2075 annum
276 2031 344 2071 esse
367 2014 462 2072 voluit
485 2034 512 2070 u.
528 2031 552 2070 c.
570 2014 644 2084 298,
672 2022 739 2072 ante
761 2012 832 2074 Chr.
848 2015 922 2074 456:
951 2033 1029 2091 quae
1051 2016 1151 2090 opinio
1174 2024 1207 2073 nt
1228 2022 1325 2074 aetate
1345 2015 1471 2092 impera·

144 2118 223 2177 toria
243 2115 425 2190 obtinuit2),
453 2117 496 2173 ita
522 2114 674 2190 probabile
696 2125 743 2174 est
768 2118 805 2175 ad
831 2120 929 2193 ipsum
957 2117 1047 2175 huius
1070 2117 1226 2177 commenti
1249 2126 1399 2175 auctorem
1426 2136 1471 2175 re·

145 2222 217 2279 dire.
251 2219 316 2278 Nec
336 2229 415 2277 recte
437 2229 611 2293 opponetur,
634 2217 713 2293 quod
735 2220 805 2277 anui
827 2220 869 2278 illi
891 2221 922 2278 in
943 2238 1042 2279 rernm
1064 2228 1215 2298 gestarum
1232 2221 1376 2279 memoria
1389 2220 1472 2279 nullo

146 2322 233 2381 modo
256 2318 432 2397 eminent³)‚
456 2341 523 2378 nam
545 2321 615 2396 quid
637 2332 756 2379 secutus
778 2323 817 2380 sit
839 2323 889 2398 qui
911 2323 1055 2381 eiusmodi
1077 2323 1269 2382 ariolatiuues
1291 2322 1474 2399 excogitavit

147 2424 318 2484 Chaldaeus
341 2418 476 2481 Graecae
503 2425 599 2499 magis
626 2423 752 2501 originis
778 2442 866 2499 quarn
889 2424 1029 2496 Latinae,
1059 2426 1089 2483 id
1116 2425 1204 2484 hodie
1229 2426 1360 2501 ignorari
1385 2443 1472 2484 nemo

146 2528 301 2586 mirabitur
322 2526 380 2583 nisi
402 2527 517 2601 etipse
540 2533 638 2584 sectae
660 2523 841 2584 Chaldaeae.
881 2526 1092 2604 Palingenesia
1112 2527 1167 2585 illa
1187 2536 1217 2586 et
1238 2528 1360 2586 saecula
1381 2544 1471 2585 anno·

147 2649 213 2688 rum
229 2640 418 2687 centenorum
435 2628 577 2686 denorum
594 2628 712 2705 quando
727 2638 798 2686 nata
820 2628 889 2699 siut,
912 2630 1068 2701 nescimus,
1091 2649 1146 2688 nec
1162 2629 1351 2688 determinari
1374 2637 1473 2706 potest

148 2731 408 2808 pseudopropheta
429 2731 490 2800 ille,
512 2731 596 2789 cuius
620 2732 676 2788 hoc
698 2740 744 2789 est
765 2740 970 2803 commentum,
993 2741 1090 2790 utrum
1112 2732 1142 2790 id
1164 2734 1195 2790 iu
1210 2733 1318 2809 vulgus
1340 2731 1474 2791 emiserit

148 2840 216 2911 ipso
239 2853 317 2891 anuo
332 2833 401 2892 belli
424 2833 520 2892 civilis
536 2834 717 2910 Fregellani,
741 2852 830 2892 caeca
851 2833 909 2891 fide
931 2851 1054 2911 sperans
1076 2834 1155 2893 ludis
1177 2835 1239 2893 illis
1254 2833 1375 2892 edendis
1394 2833 1475 2892 mala

149 2938 266 3015 publica
288 2937 391 3007 averti,
414 2955 451 2993 au
474 2937 638 3013 posteriore
660 2945 792 3014 tempore
809 2937 941 2996 scribens
957 2934 1103 3014 Sibyllam
1125 2936 1247 2995 finxerit
1267 2936 1309 2995 ita
1331 2937 1474 2995 cecinisse

148 3126 350 3136 ...----·-

148 3258 223 3307 ludos
242 3257 336 3305 alteros
357 3256 468 3304 risurum
490 3269 556 3314 esec,
581 3255 626 3303 sed
651 3255 778 3306 civitatem
798 3256 942 3307 Romanam
963 3270 1050 3305 corum
1071 3269 1211 3305 memorem
1236 3269 1335 3318 semper
1354 3253 1475 3304 futuram.

147 3351 211 3400 V.9
236 3350 331 3413 requiri
351 3341 391 3395 iul
408 3349 479 3395 ταῖσι
499 3338 527 3393 δ’
544 3339 696 3403 Ἐλειθυῖας
717 3339 864 3414 apicus-Sat
889 3364 936 3413 pro
956 3344 995 3396 tut
1013 3352 1068 3404 ταῖς
1088 3341 1117 3395 δ’
1132 3341 1285 3403 Εἷλειθυίυς
1305 3339 1344 3414 cip.
1367 3348 1400 3396 ad
1420 3362 1476 3397 cao·

149 3456 234 3492 suram
255 3449 322 3490 recte
342 3440 521 3490 ordinandam.
551 3441 592 3490 De
613 3457 635 3489 v.
648 3442 680 3491 18
701 3442 759 3491 vide
779 3456 844 3506 qnae
864 3442 986 3492 adnotavi
1005 3458 1030 3506 p.
1047 3438 1098 3491 263
1118 3447 1172 3490 not.
1190 3442 1218 3502 13
1239 3440 1271 3488 de
1290 3455 1314 3490 v.
1329 3440 1361 3489 31
1382 3456 1407 3504 p.
1423 3441 1475 3490 263

148 3546 202 3585 not.
218 3536 241 3584 3.

227 3625 248 3686 ¹)
280 3627 350 3674 llaec
371 3641 434 3689 quae
454 3627 529 3690 plane
550 3628 704 3690 respondent
723 3627 886 3677 Sallustianis
906 3627 972 3692 (Ing.
987 3628 1031 3689 40,
1053 3627 1079 3688 2)
1099 3624 1207 3676 hominen
1227 3625 1332 3675 nominis
1345 3622 1436 3675 Latini
1455 3633 1478 3675 et

122 3720 124 3724 ⁴
149 3721 213 3770 arcii
232 3718 320 3768 Italici
344 3719 386 3776 (cs.
404 3716 560 3767 Strrutareclt
580 3721 605 3780 3,
626 3719 688 3780 6131)
714 3728 772 3784 post
791 3721 885 3769 bellum
907 3720 1000 3770 sociale
1019 3735 1072 3769 non
1092 3718 1186 3768 habent
1206 3733 1257 3782 quo
1276 3725 1344 3768 recte
1364 3718 1476 3769 referan-

149 3823 198 3873 tur,
219 3812 315 3862 habeut
333 3811 398 3859 adeo
419 3811 555 3861 iudanam:
576 3826 635 3860 uam
654 3814 757 3863 ltaliam
775 3814 932 3878 Latinosque
951 3813 997 3862 sub
1018 3813 1078 3876 ingo
1092 3811 1266 3862 Romanorum
1286 3826 1341 3861 csse
1360 3821 1413 3862 tum
1432 3826 1477 3861 ne·

150 3920 200 3970 qne
219 3920 306 3954 verum
328 3911 381 3952 erat
406 3919 488 3967 neque
507 3904 588 3951 civile.
627 3905 718 3968 Neque
743 3907 883 3970 perspicio,
910 3906 1001 3970 quibus
1025 3902 1167 3954 rationibus
1186 3910 1270 3953 motus
1289 3903 1403 3955 Dielsins
1424 3906 1440 3954 l.
1455 3921 1477 3954 c.

150 4017 176 4064 p.
194 4000 226 4046 ll
246 3997 395 4060 Phlegontis
415 3997 524 4044 exordio
543 3996 618 4044 tidem
641 3997 757 4061 deneget.
796 3999 908 4048 Omnino
929 4012 1031 4048 carmen
1052 3996 1128 4047 scribi
1148 4011 1200 4045 non
1224 3997 1306 4061 potuit
1326 3998 1375 4046 nisi
1395 3997 1427 4047 ab
1447 4013 1477 4047 eo

152 4093 196 4155 qui
219 4098 261 4138 ant
281 4090 377 4138 viveret
401 4096 460 4137 ante
481 4089 608 4137 civitatem
629 4090 701 4139 Italis
720 4090 838 4140 omuibus
858 4105 1003 4142 concessam
1030 4097 1074 4142 aut
1098 4104 1128 4138 co
1149 4096 1265 4154 tempore
1284 4089 1369 4138 rivere
1395 4106 1421 4139 sc
1444 4091 1477 4138 ai-

151 4183 267 4233 mutaret.

229 4274 252 4334 ¹²)
284 4274 447 4333 Cerrsorinns,
468 4275 511 4337 qni
531 4276 631 4338 scripsit
650 4293 673 4325 a.
689 4276 750 4336 238,
771 4277 827 4325 loco
847 4275 937 4324 mutilo
959 4277 1001 4337 17,
1018 4277 1063 4325 10:
1090 4311 1206 4325 .......
1230 4275 1357 4324 irretitutoa
1375 4289 1427 4323 ease
1446 4272 1480 4323 od

152 4364 314 4416 Παῖτον-νυν
339 4367 525 4415 eorumcuturiua
551 4384 614 4415 (υννο
639 4364 807 4416 CCXCVII!
828 4365 865 4416 M.
884 4364 984 4416 Valerio
1009 4365 1101 4434 Spurio
1126 4364 1244 4433 Vcrpt'nio
1270 4383 1321 4417 cos.
1359 4369 1426 4416 Vere
1453 4367 1479 4415 iu

152 4459 326 4508 uomrueutarii
348 4460 479 4509 Seueriani
500 4461 609 4508 exordio
631 4462 689 4508 item
710 4462 800 4509 mutilo
826 4468 1000 4509 remanserunt
1021 4460 1098 4509 verba
1117 4459 1179 4509 haec
1200 4460 1272 4521 (inl
1294 4475 1317 4509 ν.
1333 4458 1391 4522 14):

152 4550 224 4616 [per]
245 4552 378 4616 rrmyfruus
397 4552 489 4615 cullcpi
507 4550 543 4600 tl.
564 4549 666 4600 Valerio
688 4550 781 4618 Spurio
800 4549 955 4618 Vc[rq]iu[t'o
975 4568 1026 4602 coa.
1046 4550 1203 4614 inusitatum}

229 4642 252 4703 ³)
282 4644 357 4693 Certe
382 4645 540 4708 expectanda
565 4645 613 4692 suit
638 4645 669 4692 de
693 4646 784 4694 horum
810 4644 967 4694 saeculorum
993 4644 1092 4708 origine
1117 4645 1230 4693 narratio
1252 4644 1340 4709 aliqua
1363 4643 1481 4693 fabulosa

152 4736 327 4799 comparanda
351 4738 386 4796 ei,
413 4751 487 4800 quum
509 4738 572 4785 vivis
597 4737 725 4786 coloribus
749 4738 926 4787 adumbratam
951 4737 1056 4787 annales
1082 4744 1228 4801 proponunt
1252 4737 1284 4786 de
1308 4736 1480 4786 saecularibus

152 4829 208 4877 Diti
229 4836 253 4877 et
267 4829 436 4893 Proserpinae
456 4830 541 4878 sacris.
573 4830 624 4880 Scd
646 4845 677 4878 nc
696 4828 819 4894 reliquiae
833 4830 935 4894 quidem
950 4836 1064 4879 actorum
1079 4828 1276 4881 Severianorum
1296 4830 1357 4879 talia
1377 4828 1480 4890 habent,

152 4936 306 4985 quamquam
326 4923 425 4970 xviia
452 4922 519 4984 apud
539 4933 654 4971 serranum
674 4923 705 4970 dc
725 4923 824 4986 origine
848 4922 966 4972 ludorum
992 4929 1070 4987 agunt
1093 4923 1259 4986 legunturque
1283 4922 1318 4970 ibi
1343 4920 1482 4972 interulis

152 5013 215 5062 haec
235 5014 301 5073 (inl
320 5031 341 5062 v.
357 5014 413 5074 15):
437 5012 608 5079 [temporatia
623 5012 677 5077 [ud]
693 5016 789 5079 ore'qr'uc
804 5012 998 5076 abscoundunt
1010 5022 1034 5064 ct
1047 5014 1223 5080 a]exa9euaimi
1238 5014 1307 5074 artai,
1328 5021 1391 5078 quot
1403 5015 1482 5064 iuter·

153 5104 246 5154 cedunt
271 5108 336 5155 inter
361 5123 383 5155 a.
404 5123 428 5156 n.
451 5124 472 5156 c.
494 5108 544 5157 298
571 5108 732 5157 conditorum
758 5108 850 5157 horum
874 5107 993 5157 ludorum
1018 5114 1044 5156 ct
1067 5123 1092 5156 u.
1112 5124 1133 5158 c.
1154 5108 1205 5157 957
1227 5106 1346 5157 ludorum
1365 5106 1480 5159 Severia-

155 5211 255 5245 norum.
