3472 5828
485 547 488 555 '
570 557 750 610 avnouvm
777 556 1048 611 ssucvunmvu.
1401 528 1471 606 271

146 733 196 811 qui
224 741 318 791 artem
346 732 489 791 ludicram
517 731 643 790 iaciunt:
674 733 751 790 unde
774 733 822 788 hic
847 731 945 806 priore
971 731 1037 788 loeo
1060 729 1297 804 nominantur1).
1341 731 1475 788 Asticie

145 837 298 895 contrario
321 834 371 911 (cf.
395 834 555 895 Suetonius
578 834 647 894 Tib.
665 836 696 894 6:
720 836 867 911 praesedit
888 843 915 891 et
936 837 1033 892 asticis
1056 833 1144 902 ludis3
1173 830 1240 891 Gai.
1257 832 1310 891 20:
1339 834 1428 890 edidit
1445 836 1474 889 in

146 938 253 998 Sicilia
285 936 439 1013 Syracusis
469 942 573 995 asticos
604 938 685 995 ludos
715 935 785 1012 cet.)
815 946 885 994 sunt
911 936 1039 993 scaenici
1068 934 1158 993 soliti.
1185 967 1225 977 —
1252 934 1415 994 Theatrum
1444 934 1475 992 in

144 1041 224 1099 circo
248 1040 271 1097 F
277 1040 397 1097 laminio
421 1040 601 1116 intellegitur
623 1039 756 1097 Marcelli
779 1048 917 1115 coeptum
940 1059 957 1096 a
980 1036 1110 1097 Caesare
1133 1037 1284 1109 dictatore,
1307 1037 1472 1096 dedicatum

144 1143 342 1219 quadriennio
366 1143 428 1200 iere
451 1153 520 1219 post
542 1141 638 1200 editos
661 1141 749 1200 ludos
773 1142 941 1198 saeculares
968 1140 1099 1213 (Becker
1121 1148 1237 1216 topogr.
1260 1157 1289 1215 p.
1307 1139 1390 1215 603).

227 1244 305 1302 Ludi
328 1245 476 1304 circenses
500 1246 529 1302 in
552 1244 746 1303 sollemnibus
769 1244 857 1301 tertio
880 1243 926 1301 die
953 1244 990 1300 ab
1013 1243 1087 1299 hora
1109 1242 1208 1300 nescio
1231 1260 1290 1318 qua
1316 1241 1398 1316 (nam
1422 1260 1473 1299 uu·

143 1364 243 1405 merus
272 1348 361 1424 periit
386 1348 416 1405 in
442 1347 540 1421 hiatu)
566 1347 658 1405 solito
682 1365 764 1404 more
786 1346 939 1404 scaenicos
961 1346 1122 1422 excipiunt.
1166 1343 1216 1402 Ad
1239 1344 1359 1402 eosdem
1382 1346 1473 1421 perti-

143 1457 214 1508 nent
229 1453 294 1525 equi
308 1452 492 1525 quadriparii
513 1451 544 1507 iu
560 1448 637 1506 ludis
653 1449 856 1507 saecularibus
872 1448 950 1524 apud
965 1448 1088 1506 Festum
1111 1448 1153 1520 (v.
1166 1445 1330 1504 Tarentum
1352 1467 1379 1523 p.
1397 1447 1472 1520 351)

142 1553 376 1611 commemorati.
415 1552 440 1610 li
463 1564 495 1610 ut
515 1552 596 1622 fiant,
620 1560 708 1609 metae
726 1556 838 1626 positae
853 1561 917 1608 sunt
939 1549 1083 1625 (v.154)r
1108 1567 1235 1625 quocum
1252 1548 1471 1618 conferendum,

142 1654 221 1731 quod
244 1655 314 1731 imp.
332 1653 478 1714 Claudius
505 1655 535 1712 in
562 1655 629 1729 ipso
656 1653 735 1711 circo
763 1654 893 1712 maximo
921 1661 1015 1710 metas
1042 1660 1161 1710 auratas
1190 1652 1253 1710 fieri
1284 1652 1373 1709 iussit
1398 1670 1472 1727 quae

143 1758 253 1833 liqueoe
274 1767 359 1817 autea
376 1760 498 1831 juerant
520 1754 697 1831 (Suetonius
721 1754 828 1815 Claud.
845 1756 908 1832 21).
952 1754 1012 1832 Ipsi
1040 1754 1100 1812 ludi
1128 1754 1276 1812 circenses
1300 1753 1471 1812 XVviralcs

140 1858 230 1935 plane
253 1860 435 1935 respondent
456 1860 503 1931 iis,
531 1876 607 1934 quos
630 1858 787 1935 collegium
810 1858 966 1917 Arvalium
990 1857 1139 1915 celebrare
1161 1856 1252 1915 solet:
1281 1857 1324 1914 ita
1344 1857 1374 1913 in
1397 1857 1471 1914 actis

141 1963 207 2020 eius
230 1981 257 2018 a.
275 1962 309 2020 81
337 1964 409 2019 haec
431 1962 581 2037 leguntur:
604 1965 740 2036 mapister
761 1959 1078 2036 drumershusen
1095 1970 1246 2018 coronatus
1267 1962 1414 2017 riciniatus
1437 1960 1471 2016 de

141 2063 323 2139 quercerihus
352 2069 463 2140 sipnurn
490 2066 676 2140 quadriparis
706 2074 732 2122 ct
757 2063 943 2122 desultorihus
970 2067 1060 2133 misit,
1090 2082 1160 2139 quos
1189 2065 1301 2121 coronis
1330 2066 1470 2137 arpenteis

143 2171 263 2225 ornarit.

223 2267 327 2327 Ludos
351 2270 525 2328 honorarios
549 2271 700 2328 scaenicos
724 2269 859 2344 sequitur
881 2269 1010 2340 renatis,
1038 2268 1091 2326 sed
1113 2268 1224 2326 indicta
1246 2267 1344 2326 edicto
1366 2267 1468 2339 altero,

141 2389 249 2447 neque,
279 2382 310 2429 ut
338 2370 398 2428 ludi
422 2371 580 2430 sollemnes
602 2379 739 2430 constant
761 2371 906 2430 scaenicis
929 2383 958 2429 et
980 2371 1176 2442 circensibus,
1203 2371 1244 2428 ita
1266 2371 1468 2429 scaenicorum

139 2472 276 2530 ludorum
300 2484 328 2530 et
349 2492 516 2551 pugnarum
539 2474 654 2550 publice
670 2474 815 2532 editarum
837 2473 970 2551 legitima
984 2473 1150 2532 communio
1173 2472 1237 2530 init.
1271 2471 1468 2532 Venationem

142 2575 190 2632 ubi
206 2573 324 2633 XVviri
347 2576 493 2635 ediderint
514 2585 645 2635 actorum
668 2577 811 2654 reliquiae
834 2595 893 2635 uon
907 2577 1075 2647 enuntiant3
1097 2577 1253 2653 Augustus
1268 2575 1369 2634 scribit
1391 2575 1468 2650 (An-

140 2696 201 2752 cyr.
218 2680 246 2749 l,
264 2677 317 2752 39)
341 2680 513 2737 venationes
536 2679 666 2738 edidisse
692 2697 724 2738 se
749 2684 780 2737 iu
802 2682 877 2738 circo
905 2689 956 2736 aut
977 2682 1006 2735 in
1026 2681 1094 2752 soro
1116 2688 1166 2737 aut
1190 2682 1218 2735 in
1241 2678 1467 2753 amphitheatris.

139 2778 272 2856 Pompae
296 2791 327 2836 ut
350 2782 461 2857 passim
485 2782 594 2840 mentio
618 2782 650 2838 lit
671 2782 701 2839 in
723 2782 798 2840 ludis
814 2781 997 2840 circensibus
1021 2780 1136 2838 scilicet
1158 2798 1311 2839 sacrorum
1333 2780 1468 2857 publico·

140 2901 204 2939 ram
226 2900 316 2940 causa
338 2883 435 2954 editis,
459 2884 501 2942 ita
523 2885 552 2942 in
574 2882 761 2960 gladiatoriis
779 2884 1044 2959 venationibusque
1063 2884 1190 2941 asacris
1212 2883 1339 2960 publicis
1361 2883 1467 2941 alienis

139 2984 218 3062 apud
240 2987 399 3062 scriptores
423 2994 502 3044 certe
524 3005 583 3045 non
606 2995 798 3045 memoratur:
827 3007 896 3071 nam
918 2985 998 3062 quod
1021 2985 1203 3062 gladiatores
1228 2985 1401 3061 pompaliter
1422 3005 1467 3043 or·

139 3090 200 3145 nati
222 3089 250 3145 in
274 3088 414 3146 harenam
438 3085 635 3163 introeunti),
658 3089 731 3147 nihil
754 3090 861 3166 opinor
882 3107 1037 3147 commune
1059 3089 1148 3146 habet
1169 3107 1235 3146 curu
1254 3107 1363 3164 pompa
1379 3107 1468 3164 prae-

140 3188 208 3247 lata.
254 3189 289 3247 Id
315 3190 412 3265 ipsum
440 3191 538 3249 minus
565 3192 685 3267 proprie
708 3192 815 3249 dictum
839 3191 1058 3249 videturesse:
1088 3192 1206 3268 proprie
1233 3192 1369 3249 dicuntur
1391 3190 1467 3248 tituli

139 3292 359 3367 simulacraque
379 3312 486 3368 pompa
504 3293 692 3369 praeferrii)
715 3293 760 3350 rel
783 3294 850 3368 ipsa
869 3313 976 3370 pompa
999 3292 1106 3351 dieitur
1121 3293 1248 3368 serm).
1282 3294 1401 3352 XVriri
1424 3302 1467 3350 ta-

139 3414 206 3453 men
233 3396 261 3451 in
285 3396 465 3453 circensibus
488 3395 523 3454 de
550 3405 660 3472 pompa¹
688 3404 818 3454 tacentes
845 3414 983 3472 pompam
1007 3395 1174 3454 venationis
1201 3397 1231 3453 in
1253 3406 1320 3454 acta
1346 3394 1465 3455 rettule-

139 3508 215 3555 runt.
254 3499 295 3554 At
317 3498 384 3572 quid
409 3500 437 3555 in
461 3517 496 3555 ea
518 3517 627 3574 pompa
648 3498 716 3556 ferri
740 3498 888 3570 iusserint,
911 3518 976 3556 cum
1001 3497 1123 3556 deorum
1146 3499 1314 3570 simulacra,
1337 3518 1413 3574 quae
1435 3498 1465 3555 in

139 3601 254 3676 pompis
279 3599 324 3657 his
347 3602 534 3675 potissimum
558 3601 657 3658 solent
682 3602 794 3676 portari
817 3601 938 3658 ferculis
962 3601 1115 3677 imposita,
1145 3602 1182 3657 ab
1205 3601 1259 3659 hac
1281 3601 1394 3660 laetitia
1415 3602 1466 3659 ab·

139 3701 286 3772 horreant,
310 3702 431 3759 delinire
447 3723 504 3761 nou
521 3704 626 3760 audeo.
661 3702 803 3762 Fortasse
819 3703 1020 3781 anaglyphum
1037 3716 1185 3780 repertum
1201 3703 1364 3780 Pompeiis,
1386 3703 1465 3779 qued

139 3803 177 3860 ad
198 3803 283 3862 ludos
307 3804 500 3879 gladiatorios
528 3806 591 3862 sive
614 3805 750 3863 funebres
779 3807 841 3864 sire
864 3806 1125 3883 amphitheatrales
1149 3816 1285 3882 spectare
1307 3807 1361 3864 viri
1385 3806 1464 3864 docti

142 3998 268 4006 ..ᾳ-...μ
291 4000 323 4006 -----
334 4001 341 4007 -

215 4140 238 4202 ¹)
267 4142 298 4190 In
320 4142 421 4205 oppidis
441 4141 546 4192 Graecis
566 4156 618 4190 non
636 4156 696 4192 raro
717 4142 880 4191 inveniuntur
899 4142 1096 4206 thymelicorum
1115 4142 1236 4206 collegia;
1261 4143 1298 4191 ita
1317 4142 1343 4191 in
1363 4143 1463 4192 civitate

136 4241 203 4282 certe
223 4234 378 4297 semigraeen
392 4235 522 4283 Nemauso
541 4234 589 4282 fuit
610 4220 664 4298 ispi
683 4221 809 4301 &opilari
828 4224 931 4291 risehae
950 4233 1053 4297 (Kaibel
1073 4236 1149 4284 inser.
1164 4233 1256 4285 Graec.
1269 4234 1328 4284 Ital.
1347 4241 1372 4283 et
1392 4234 1461 4285 Sieil.

137 4342 162 4389 p.
178 4326 239 4385 751)
264 4326 410 4389 similesque
430 4327 569 4375 extiterunt
588 4326 697 4390 Neapoli
719 4334 743 4375 et
763 4324 860 4377 Romae
880 4335 905 4376 et
923 4327 983 4376 alibi
1005 4327 1032 4388 (l.
1047 4325 1089 4386 c).
1127 4325 1218 4376 Latine
1238 4328 1346 4390 scriptos
1364 4326 1462 4390 lapides

136 4434 194 4467 raro
219 4433 306 4467 eorum
332 4420 486 4467 mentionem
510 4419 593 4468 iacere
618 4426 817 4468 consentaneum
843 4428 894 4479 est3
918 4419 950 4468 ei.
969 4418 998 4469 C.
1013 4420 1034 4467 Ι.
1048 4420 1077 4468 L.
1092 4419 1139 4480 VI,
1163 4420 1263 4468 lOlGl:
1289 4416 1463 4467 Athenodorus

135 4512 246 4575 rpstiens
266 4509 360 4559 Paridi
378 4509 505 4575 thpuuh'co
526 4509 584 4560 hene
602 4512 705 4560 merenti
720 4511 793 4574 feeit.
827 4513 921 4561 Aetate
941 4512 1076 4560 lastiniani
1097 4512 1212 4576 quintum
1236 4526 1380 4575 processum
1401 4527 1461 4561 con-

135 4604 243 4652 sularem
263 4592 304 4665 τὴν
325 4601 363 4651 ἐπὶ
382 4593 410 4650 ri
430 4601 538 4670 θέατρον
557 4592 674 4669 ἄγουσαν,
696 4593 723 4664 ἣν
742 4590 772 4665 dri
790 4591 880 4671 πόρνας
899 4600 1019 4652 καλοῦσιν
1040 4604 1141 4653 novella
1160 4604 1214 4652 eitrs
1234 4603 1327 4652 evita
1346 4612 1460 4653 enarrat:

135 4691 197 4744 ἔνθα
215 4700 268 4751 τοῖς
288 4693 325 4743 ἐπὶ
347 4694 433 4758 σκηνῆς
452 4697 627 4761 γελωτοποιοῖς
648 4691 717 4744 ἔσται
736 4686 809 4765 χοῖοα
828 4691 963 4762 τραγῳδοῖς
981 4713 1007 4744 τε
1029 4689 1069 4744 rui
1089 4700 1141 4751 τοῖς
1161 4692 1199 4743 ἐπὶ
1217 4692 1259 4758 τῆς
1278 4692 1392 4757 Soulia(
1410 4712 1461 4765 X⁰‘

137 4792 196 4854 pole,
217 4777 334 4853 &sulpuri
351 4808 375 4836 τε
396 4784 560 4844 παντοδαποῖς
579 4782 621 4835 καὶ
640 4777 794 4854 ἄκου’σμαοιν
814 4780 961 4854 irrupsisse
981 4781 1036 4837 leri
1054 4775 1083 4837 rii
1103 4785 1219 4854 θέατρον.

212 4879 236 4941 ²)
265 4882 449 4931 Friedlaender
468 4882 535 4945 apud
556 4882 758 4944 Marquardtium
780 4879 922 4930 Harulbuch
943 4882 958 4930 6
979 4898 1003 4945 p.
1018 4882 1079 4931 561.

212 4971 237 5035 ³)
266 4976 370 5025 Sueten.
386 4976 438 5024 Tit.
454 4977 481 5022 2:
502 4981 607 5021 statuam
629 5010 652 5022 ..
673 4989 702 5021 ea
714 4971 786 5022 ebore
799 4981 938 5039 eqrrestrenr,
959 4990 1022 5039 puae
1035 4975 1141 5023 circensi
1148 4990 1242 5040 porupu
1255 4971 1375 5039 hodieque
1383 4990 1459 5040 prue-

127 5066 221 5129 sertun
260 5067 333 5116 Caes.
349 5066 395 5114 37:
423 5065 526 5116 Pontico
546 5065 668 5132 triurnpho
694 5068 758 5115 iuter·
775 5082 881 5133 pompae
897 5066 1002 5129 fereula
1022 5068 1094 5115 trium
1113 5064 1240 5115 uerborum
1261 5065 1383 5132 praetulit
1402 5068 1459 5115 titu-

135 5159 182 5208 lurn
199 5149 270 5207 ‘terre'
288 5158 343 5206 erili
362 5150 429 5207 r=ic·i'.

211 5250 235 5315 ⁴)
265 5253 347 5301 Varro
368 5253 399 5300 de
419 5252 434 5299 l.
455 5254 502 5301 Lat
527 5252 632 5314 b,153:
653 5252 744 5301 circuni
763 5259 839 5301 melus
855 5250 942 5318 sertui·
955 5268 1058 5320 pornpu.
