3472 5828
204 548 276 619 246
819 565 917 617 acra

203 742 297 801 Vides
324 742 408 811 actis,
424 741 472 799 his
502 741 730 817 posterioribus,
760 760 826 799 cum
853 742 882 799 in
909 741 1002 799 lucari
1030 740 1165 799 ludorum
1193 742 1392 801 saecularium
1418 744 1531 803 eonati·

203 846 312 904 tuendo
335 845 498 921 placuisset
519 845 603 919 sequi
625 844 656 900 id
677 845 759 920 quod
780 843 817 900 de
838 864 874 901 eo
896 844 1086 902 constitutum
1101 853 1166 903 erat
1187 844 1241 901 sub
1256 846 1407 922 Augusto,
1428 864 1531 905 exem·

203 948 285 1024 plum
308 957 429 1006 senatus
444 946 574 1005 consulti
596 956 657 1003 tum
679 946 749 1004 sacti
771 948 915 1004 insertum
931 964 1008 1017 esse,
1031 948 1114 1005 cuius
1130 956 1159 1003 et
1176 956 1381 1023 argumentum
1403 949 1533 1009 refertur

204 1058 234 1108 et
254 1050 430 1127 principium
454 1058 601 1125 superest.
616 1081 656 1091 —
679 1046 739 1108 Sed
760 1060 878 1125 praeter
900 1050 1054 1125 pecuniam
1069 1050 1131 1107 reri
1155 1050 1251 1108 simile
1270 1060 1317 1108 est
1338 1050 1374 1110 de
1396 1051 1466 1109 aliis
1486 1070 1533 1111 re·

204 1154 260 1211 bus
283 1152 322 1210 ad
343 1152 502 1210 editionem
529 1151 746 1227 pertinentibus
770 1152 858 1210 simul
885 1160 1021 1209 senatum
1047 1162 1107 1209 tum
1130 1152 1314 1223 decrevisse,
1342 1153 1473 1213 sortasse
1495 1156 1533 1215 de

203 1255 391 1313 caerimoniis
413 1254 534 1329 quinam
558 1273 595 1312 ex
611 1252 746 1311 XVviris
767 1271 818 1311 eas
841 1256 1015 1329 perlicerent
1035 1273 1094 1313 non
1116 1262 1178 1312 tam
1199 1254 1318 1332 collegii
1341 1255 1461 1315 decreto
1482 1257 1532 1316 de·

203 1359 296 1415 cisum
319 1374 495 1431 essequam
518 1376 553 1414 eo
576 1364 697 1413 senatus
719 1357 864 1415 consulto.
898 1354 1019 1416 Scilicet
1039 1375 1105 1415 cum
1128 1358 1355 1434 magistratuum
1377 1366 1480 1433 partes
1503 1360 1534 1417 in

204 1460 240 1517 iis
263 1460 363 1517 nullae
385 1467 499 1529 essent,
527 1458 721 1516 caerimonias
743 1475 794 1515 cas
822 1458 885 1516 iure
907 1459 1068 1517 credideris
1092 1461 1276 1536 spectavisse
1299 1461 1337 1517 ad
1359 1462 1534 1537 magistros,

206 1571 237 1619 ut
264 1561 343 1638 apud
366 1561 493 1619 Arvales
520 1561 718 1618 caerimoniae
740 1578 844 1618 omnes
873 1560 1064 1636 perficiuntur
1089 1581 1142 1637 per
1164 1563 1339 1640 magistrum
1365 1563 1396 1621 in
1421 1582 1534 1623 annum

205 1683 271 1721 cum
298 1665 415 1721 decreto
444 1663 560 1740 collegii
588 1663 790 1722 constitutum.
834 1663 869 1719 In
900 1664 1101 1722 saecularibus
1128 1665 1207 1723 ludis
1234 1675 1333 1723 autent
1359 1684 1448 1724 secus
1475 1676 1534 1725 est:

204 1767 370 1824 videbimus
393 1766 524 1824 ordinari
547 1784 599 1823 eos
622 1766 659 1822 ab
676 1768 824 1842 Augusto,
846 1766 999 1824 immolare
1021 1778 1050 1824 et
1072 1768 1187 1841 precari
1209 1787 1264 1843 pro
1286 1767 1414 1844 collegio
1430 1772 1535 1847 Augu·

206 1880 284 1928 stunt
307 1880 337 1927 et
351 1870 527 1945 Agrippam.
549 1868 730 1927 circensibus
746 1869 906 1946 quadrigas
927 1872 1042 1929 mittere
1056 1870 1188 1928 Potitum
1203 1869 1385 1943 Messallam,
1406 1889 1535 1947 quorum

204 1974 282 2030 iuter
303 1972 368 2031 eius
391 1972 461 2029 anni
484 1972 643 2048 magistros
672 1988 748 2029 urrus
770 1972 925 2048 Augustus
949 1983 1001 2029 est.
1040 1974 1196 2047 Augustus
1217 1983 1248 2031 et
1268 1974 1407 2049 Agrippa
1429 1993 1535 2050 quam-

205 2094 294 2151 quam
316 2074 436 2132 dubium
464 2092 521 2130 non
549 2086 594 2131 est
620 2073 761 2132 honorem
788 2094 855 2131 eum
878 2075 1042 2133 obtinuisse
1069 2084 1191 2150 propter
1217 2074 1413 2151 principatum
1442 2088 1473 2135 et
1498 2079 1535 2136 ob

205 2196 270 2235 eam
293 2194 413 2233 causam
438 2176 555 2250 utrique
576 2176 605 2232 in
622 2178 882 2234 senatusconsulto
901 2178 1029 2236 adscribi
1053 2177 1239 2235 tribuniciam
1262 2188 1451 2253 potestatem,
1475 2200 1535 2239 non

206 2297 261 2355 pro
282 2298 319 2336 ea
340 2288 487 2353 potestate
510 2296 597 2336 saera
618 2278 760 2347 lecerunt,
787 2279 849 2349 sed,
873 2290 904 2335 ut
927 2280 992 2353 ipse
1015 2283 1171 2356 Augustus
1194 2281 1236 2336 ait
1257 2281 1287 2336 in
1309 2284 1535 2354 commentario,

202 2400 258 2457 pro
285 2383 408 2455 conlegio
432 2381 467 2437 X
472 2381 595 2439 Vct'ram.
640 2380 743 2455 ltaque
770 2382 886 2438 decreto
914 2381 951 2437 ad
978 2381 1008 2438 id
1036 2400 1111 2457 opus
1138 2393 1215 2454 erat,
1243 2382 1323 2457 quod
1350 2400 1535 2460 quamquam

206 2484 270 2541 lieri
293 2491 392 2559 potest
413 2490 445 2541 ut
467 2483 568 2540 iecerit
589 2481 756 2557 collegium,
780 2483 846 2558 pari
867 2484 931 2542 iure
953 2492 983 2540 ct
1004 2484 1133 2541 sortasse
1155 2484 1277 2542 meliore
1299 2484 1403 2543 referri
1425 2488 1536 2563 poterit

206 2585 244 2643 ad
267 2596 412 2643 senatum.

289 2688 399 2746 Deficit
419 2700 538 2761 praeter
560 2698 680 2745 senatus
703 2687 869 2745 consultum
894 2688 929 2744 dc
953 2688 1031 2746 ludis
1051 2688 1173 2747 edendis
1195 2689 1225 2746 in
1249 2690 1323 2748 actis
1345 2709 1422 2766 quae
1445 2692 1537 2753 lrabe-

207 2810 272 2849 mus
297 2790 433 2847 ludorum
450 2789 556 2847 edictio
572 2804 802 2848 commemorata
824 2810 851 2846 v.
869 2789 916 2847 36.
935 2792 988 2848 40:
1012 2791 1085 2848 loedi
1179 2791 1240 2867 [qui
1262 2793 1293 2866 a]
1316 2793 1435 2867 colle-gio
1452 2796 1537 2854 edicti

207 2904 280 2960 etant,
307 2912 374 2950 narn
399 2892 426 2947 in
449 2892 484 2949 iis
507 2911 582 2967 quae
605 2893 786 2969 praecedunt.
808 2892 836 2948 id
858 2912 916 2949 non
939 2893 1091 2969 reperitur.
1135 2894 1310 2963 Praeconis‚
1336 2914 1422 2970 quem
1448 2896 1536 2957 ludos

207 3014 258 3053 eos
282 2994 503 3052 adnuntiantem
527 2995 635 3052 uununi
658 3006 686 3052 et
710 2994 837 3071 Augusti
860 3006 889 3052 ct
909 2994 1075 3053 Domitiani
1100 2996 1235 3053 ridentur
1258 2999 1536 3075 repraesentar01),

208 3098 233 3153 si
256 3117 314 3173 qua
335 3097 446 3154 mentio
469 3097 497 3152 in
520 3098 593 3153 actis
618 3096 695 3155 facta
715 3098 780 3167 suit,
802 3109 831 3155 et
854 3098 920 3170 ipsa
942 3097 1036 3171 periit.

290 3200 441 3275 Incipiunt
462 3210 527 3255 acta
550 3220 625 3275 quae
648 3210 809 3275 supersunt
830 3201 867 3256 ab
890 3199 1016 3273 epistula
1039 3199 1081 3273 (v.
1102 3198 1218 3274 t-sa)
1247 3202 1284 3257 ab
1307 3204 1448 3279 Augusto
1472 3204 1536 3280 opi·

207 3320 262 3358 nor
283 3301 352 3359 data
375 3301 410 3358 ud
434 3301 589 3377 collegium
613 3302 782 3363 XVvirutu,
813 3320 873 3376 qua
899 3301 1033 3359 ludorum
1056 3302 1220 3360 frattrrorum
1245 3303 1308 3360 dies
1331 3314 1360 3361 et
1386 3307 1461 3364 ordo
1485 3307 1536 3364 de·

286 3593 307 3653 ¹)
338 3594 474 3642 Hominem
487 3602 554 3643 reste
574 3595 710 3653 srtceinctn,
731 3595 813 3657 turpite
829 3602 894 3641 tecto
907 3594 980 3657 galea
999 3593 1114 3655 pinnata,
1134 3606 1261 3643 tenentem
1283 3596 1374 3644 <lextra
1395 3598 1535 3648 caduceum

207 3687 302 3735 alatum
322 3686 347 3734 in
368 3702 472 3733 nummo
492 3686 610 3749 Augusti,
636 3689 662 3734 in
683 3687 826 3735 Domitiani
847 3686 978 3745 lraeulum,
1006 3686 1108 3734 sittistra
1128 3687 1236 3750 clipeum
1256 3690 1392 3737 rotundum
1412 3690 1537 3741 exhibent

208 3779 303 3827 nummi
324 3779 383 3837 (luo,
406 3779 515 3842 Augusti
536 3794 609 3826 casus
629 3796 645 3827 a
664 3779 698 3826 bl.
714 3779 856 3841 Sarrqtriuio
877 3778 1003 3839 (Babelon
1023 3794 1102 3826 61666.
1117 3778 1147 3826 (1(Ι
1162 3778 1187 3826 lu
1208 3777 1290 3845 ((16.2
1311 3796 1335 3844 p.
1349 3781 1413 3841 tlt)
1434 3783 1535 3833 61116-

208 3871 307 3919 ntitiani
329 3870 435 3928 (Ecltltel
450 3870 474 3929 6,
491 3872 551 3929 385;
573 3870 661 3919 Ceben
676 3869 736 3919 mat.
751 3870 794 3919 des
807 3886 867 3936 emp.
883 3870 897 3917 1
916 3886 940 3933 p.
955 3868 1008 3919 tta
1028 3871 1122 3931 (1.72),
1143 3872 1184 3921 ltic
1205 3889 1326 3921 unacum
1348 3874 1423 3937 cippo
1443 3890 1483 3938 eo,
1504 3878 1536 3925 de

209 3980 259 4027 quo
278 3977 352 4025 supra
372 3980 396 4026 p.
412 3964 463 4011 226
484 3963 605 4021 diximus,
626 3973 649 4011 et
670 3964 788 4012 turibulo.
820 3963 921 4014 Similes
936 3972 995 4010 sunt
1012 3963 1108 4011 nummi
1129 3966 1238 4027 Augusti
1260 3966 1348 4028 ipsius,
1369 3965 1459 4016 Cohen
1473 3966 1535 4017 ared.

209 4054 251 4102 des
271 4071 330 4120 emp.
351 4055 364 4102 l
384 4055 457 4117 pltl
478 4056 570 4102 (1.112
596 4064 620 4101 et
639 4072 663 4118 p.
680 4056 712 4103 86
733 4072 757 4104 n.
776 4058 834 4103 tta.
874 4054 1010 4114 Quodnam
1031 4054 1144 4103 triticiam
1165 4057 1200 4104 ita
1220 4066 1431 4119 repraesentetur,
1458 4076 1536 4123 quae·

209 4148 279 4195 ritur.
319 4146 426 4195 Carolus
448 4147 542 4196 llobert
566 4162 581 4194 a
601 4162 641 4195 mc
661 4147 791 4196 consultus
816 4148 948 4210 respondit
973 4147 1079 4196 eundem
1104 4148 1210 4211 figurant
1234 4150 1317 4198 redire
1337 4151 1363 4198 iu
1383 4152 1536 4216 anaglyphis

209 4239 320 4295 (luobus,
345 4238 426 4287 altero
447 4249 545 4287 servato
566 4239 592 4287 in
613 4240 700 4288 codiee
721 4239 879 4302 Coburgensi
903 4238 1000 4299 (edidit
1019 4241 1143 4289 Ernestus
1163 4240 1271 4292 Schulze
1296 4242 1322 4290 in
1346 4252 1536 4307 programmate

208 4333 335 4395 gymnasii
355 4331 549 4380 reformatorum
564 4330 748 4394 Petropolituui
768 4347 791 4380 a.
809 4332 892 4380 1⁸73:
913 4330 964 4379 alte
976 4328 1190 4398 Iluarlret'elrnuag
1210 4334 1276 4381 eines
1289 4333 1385 4397 Ilelr'gtit
1402 4338 1447 4383 mit
1464 4334 1535 4385 Dur-

209 4424 314 4489 stelluap
335 4422 377 4472 ‹les
398 4422 606 4487 Sulierumzupea,
632 4440 655 4486 p.
673 4424 713 4472 to.
730 4426 758 4483 6,
782 4424 824 4472 ubi
846 4426 938 4472 citatur
957 4424 1057 4487 plenior
1076 4426 1160 4489 imago
1180 4427 1240 4474 data
1264 4427 1332 4489 apud
1352 4426 1483 4477 Castalium
1508 4430 1536 4480 in

208 4517 275 4564 libro
295 4517 327 4563 de
348 4517 473 4565 veteribus
497 4516 586 4564 ritibus
606 4530 629 4564 a.
647 4516 715 4565 1614
741 4514 833 4577 edito),
860 4517 941 4565 altero
962 4518 1101 4581 Anagnino
1128 4517 1219 4578 (edidit
1239 4518 1374 4569 Benndorl
1394 4535 1455 4569 arrrr.
1476 4522 1536 4573 inst.

208 4608 278 4657 arclt.
300 4624 322 4657 a.
342 4610 409 4658 1869
431 4608 481 4657 tab.
502 4608 561 4656 utld.
582 4606 627 4667 El:
653 4608 680 4656 iu
699 4608 746 4656 hue
766 4617 817 4656 tres
837 4610 970 4658 minimum
992 4610 1117 4658 eiusmodi
1137 4611 1253 4659 homiues
1277 4613 1347 4675 pingi
1367 4613 1458 4661 ordine
1477 4630 1535 4678 gra-

209 4701 319 4753 dientes.
346 4702 372 4749 in
392 4702 437 4749 illo
458 4702 522 4749 duos
542 4700 753 4764 praecedentibus
773 4701 928 4751 tubicinibus
948 4701 1047 4750 duobus
1067 4713 1092 4750 et
1111 4702 1210 4751 duobus
1230 4704 1374 4752 modiorum
1397 4709 1536 4769 portatori·

209 4795 268 4843 bus:
295 4795 336 4857 agi
362 4793 439 4855 igitur
463 4794 494 4841 tle
519 4793 627 4856 collegio
651 4793 745 4857 aliquo.
785 4794 870 4845 Salios
894 4809 945 4843 non
970 4794 1121 4857 significari,
1146 4796 1171 4844 id
1194 4796 1262 4859 quod
1287 4797 1359 4844 multi
1383 4806 1537 4861 statuerunt,

209 4894 310 4951 praeter
328 4886 379 4934 alia
399 4886 458 4934 inde
478 4885 613 4949 colligitur,
635 4886 703 4949 quod
723 4886 786 4935 salio
807 4902 862 4935 cum
883 4886 1054 4935 saecularibus
1073 4887 1140 4936 ludis
1160 4888 1230 4937 nulla
1243 4891 1388 4938 communio
1403 4900 1449 4939 cst.
1478 4891 1537 4942 Ma-

209 4980 247 5043 gis
267 4978 419 5027 crediderim
443 4979 627 5042 repraesentari
651 4979 686 5027 ita
711 4994 849 5041 praecones
873 4979 906 5028 ad
931 4995 971 5028 res
990 4994 1074 5029 sacras
1094 4980 1234 5042 adhibitos,
1259 4982 1355 5030 seilicet
1381 4978 1538 5048 ἱεροκήρυκας

210 5072 249 5119 vel
268 5072 359 5121 Latine
383 5071 484 5120 lictores
503 5071 636 5130 curiatios3
662 5086 720 5120 uam
744 5086 788 5120 eos
807 5072 920 5120 Xl'viris
946 5087 1046 5136 quoque
1066 5073 1214 5136 apparuisse
1238 5074 1371 5136 probabile
1396 5083 1434 5123 est
1461 5086 1486 5124 et
1511 5079 1538 5127 in

211 5164 310 5226 collegii
330 5163 438 5211 formam
459 5165 476 5211 ii
496 5163 592 5213 redacti
612 5163 722 5211 tuterunt.
752 5162 803 5213 Sed
824 5180 875 5215 rem
890 5165 1023 5214 obscuram
1043 5172 1066 5213 et
1087 5180 1169 5214 meam
1190 5167 1347 5227 provinciam
1360 5169 1536 5229 egredientem

210 5257 254 5306 atti
273 5270 348 5323 spero
367 5256 423 5305 lore
444 5266 470 5305 ut
489 5256 624 5307 elucident.
