3472 5828
223 1184 684 1298 coMMsNTlsil
717 1185 1020 1299 LVDORVM
1056 1183 1506 1299 slsovllslvll

398 1371 768 1490 QVINTORVM
803 1373 883 1485 ΕΤ
917 1371 1337 1487 SllPTIlllOllVlll.

793 1628 814 1634 ...
824 1628 943 1635 .----

853 1783 882 1863 l.

253 1967 656 2045 COMMENTARIVM
689 1967 933 2045 LVDORVM
968 1968 1315 2046 SAEOVLARIVM
1346 1967 1480 2060 QVIN-

782 2089 955 2165 TORVM

668 2255 702 2303 A.
716 2255 749 2303 V.
771 2253 800 2304 C.
820 2252 1027 2304 Dccxxxvn
1038 2252 1069 2314 ¹).

201 2394 393 2533 Ludorum
424 2473 618 2532 saecularium
648 2474 813 2548 imperante
839 2475 977 2550 Augusto
1006 2492 1082 2531 anno
1109 2494 1138 2531 n.
1161 2474 1272 2544 esst,
1303 2481 1372 2532 ante
1399 2472 1469 2534 Chr.
1495 2475 1531 2532 17

203 2572 239 2632 C.
264 2575 379 2632 Furnio
403 2573 436 2633 C.
460 2576 491 2644 1.,
518 2574 552 2634 C.
575 2576 662 2634 Iunio
686 2574 719 2634 C.
742 2577 762 2633 f.
787 2574 890 2636 Sileno
913 2594 974 2634 cos.
998 2575 1211 2635 celebratorum
1234 2576 1368 2634 notitiam
1392 2576 1532 2636 submini-

202 2686 376 2735 straverunt
399 2677 494 2736 ndbuc
516 2679 601 2735 nobis
624 2678 774 2737 oraculum
791 2675 932 2754 Sibyllae,
955 2678 992 2735 ad
1007 2678 1085 2752 quod
1100 2678 1171 2735 facti
1186 2688 1265 2751 sunt,
1288 2686 1436 2738 servatum
1455 2679 1533 2756 apud

200 2777 402 2855 Phlegnotcm
427 2780 570 2854 (macrob.
587 2782 621 2855 4)
643 2782 766 2856 eiusque
788 2781 1010 2855 compilatorem
1034 2780 1185 2839 Zosimum
1211 2781 1296 2857 (hist.
1313 2778 1341 2852 2,
1358 2780 1400 2857 6),
1428 2781 1533 2839 deinde

201 2900 327 2939 carmen
349 2890 409 2938 tum
434 2892 582 2940 cantatum
606 2883 717 2940 factum
739 2884 776 2940 ab
797 2881 934 2954 Horatio,
962 2891 1021 2940 tum
1045 2892 1178 2941 actorum
1200 2883 1365 2961 fragmenta
1387 2884 1532 2960 quaedam

203 2981 254 3057 (C.
272 2982 296 3040 Ι.
313 2983 348 3041 L.
363 2982 415 3054 VI,
432 2984 537 3060 etto),
560 2984 629 3042 item
645 2985 758 3043 nummi
775 2984 895 3061 quidam
917 2985 946 3042 in
963 3003 1065 3043 eorum
1085 2985 1223 3044 ludorum
1238 2987 1411 3045 memoriam
1433 2987 1533 3063 proxi·

202 3085 263 3142 mie
287 3087 373 3143 annis
396 3085 515 3161 cusi²)‚
544 3086 671 3162 denique
693 3106 767 3163 quae
791 3088 826 3146 de
849 3088 886 3145 iis
913 3088 1090 3146 rettulerunt
1112 3090 1271 3166 Augustus
1293 3089 1356 3165 ipse
1379 3090 1409 3147 in
1432 3106 1534 3147 monu-

206 3197 309 3245 mento
323 3191 486 3265 Ancyrano
509 3187 552 3264 (4,
569 3190 617 3247 36.
637 3189 689 3264 37)
712 3200 740 3246 et
762 3190 831 3248 lasti
848 3188 1010 3265 Capitolini
1032 3191 1063 3248 in
1086 3198 1170 3265 parte
1190 3198 1324 3250 extrema
1346 3191 1461 3251 adiecta
1482 3191 1534 3249 im·

208 3299 332 3362 perante
353 3291 496 3366 eudemi)
525 3302 553 3348 et
575 3292 735 3366 scriptores
759 3292 896 3350 Zosimus
919 3291 937 3349 l.
958 3311 982 3350 c.
1005 3292 1035 3351 in
1058 3293 1203 3351 relatione
1230 3295 1321 3369 plena
1342 3302 1372 3351 et
1392 3293 1452 3352 fide
1473 3312 1534 3350 om-

214 3390 282 3447 nino
303 3393 393 3468 petite
416 3413 453 3450 ex
476 3404 593 3452 arrctore
616 3396 737 3470 egregio
759 3403 788 3453 et
809 3395 942 3469 ipsorum
967 3402 1097 3452 actorum
1119 3395 1305 3471 inspectione
1321 3396 1435 3468 edocto,
1458 3394 1535 3455 Cen·

220 3493 328 3552 surinus
354 3496 455 3565 17,11
481 3498 552 3554 item
575 3496 706 3572 pendens
730 3517 766 3555 ex
790 3499 934 3574 scriptore
957 3499 1081 3574 optimo,
1111 3495 1270 3557 Suetonius
1292 3500 1370 3575 Aug.
1396 3498 1449 3571 31,
1474 3498 1535 3556 Dio

231 3616 420 3631 5-ss

292 3695 311 3758 ¹)
339 3698 557 3749 Commentarinm
578 3707 634 3749 acta
648 3701 790 3750 saecularia
805 3702 895 3765 quinte
913 3701 1044 3751 illustrans
1063 3701 1160 3765 prodiit
1179 3702 1289 3766 primum
1303 3677 1537 3752 iussu'aeademine

229 3785 298 3847 regies
314 3791 488 3854 Lynceorum‚
513 3807 577 3857 quse
601 3800 638 3841 est
656 3793 768 3852 Romae,
794 3794 821 3842 in
841 3795 1011 3843 monumentis
1031 3795 1143 3858 entiquis
1163 3809 1225 3844 cura
1250 3810 1338 3845 eorum
1358 3794 1434 3844 editis
1453 3795 1535 3844 vol.l

179 3920 181 3951 3
229 3871 303 3930 tenea
323 3881 415 3945 (1891)
436 3901 460 3947 p.
476 3885 625 3934 tls-672
646 3886 729 3934 forma
749 3886 838 3935 eedem
858 3887 926 3947 fere,
952 3901 1001 3950 (pua
1020 3887 1062 3935 hic
1081 3888 1212 3951 repetitur.
1240 3868 1297 3936 ¹De
1322 3887 1538 3937 effossionibnsu

179 4020 181 4031 ,
230 3969 330 4039 ¹¹1·Sept.
350 3991 373 4024 a.
391 3978 460 4026 1890
481 3977 513 4024 ad
533 3978 653 4026 Martium
673 3979 800 4041 sequentis
820 3978 903 4039 factis,
924 3994 989 4043 quse
1010 3988 1060 4027 tarn
1080 3979 1144 4028 haec
1164 3986 1221 4028 ecte
1240 3994 1317 4043 quem
1331 3978 1472 4030 Sererisne
1492 3994 1537 4028 no·

179 4048 182 4063 ’
229 4050 261 4105 bin
277 4069 440 4130 restituerunt,
461 4070 555 4119 ibidem
569 4080 743 4134 exposuerunt
756 4071 786 4120 F.
800 4071 929 4120 Barnabei
950 4080 974 4120 et
988 4071 1021 4120 D.
1036 4072 1181 4121 Marchettl.
1209 4071 1292 4120 Iidem
1306 4072 1455 4121 adiecerunt
1475 4073 1537 4120 ima·

179 4156 182 4175 ¹
229 4145 297 4206 sslnem
315 4170 428 4210 aetorum
450 4163 515 4226 typis
535 4164 680 4212 maiusculis
700 4177 846 4227 expressam
867 4163 900 4212 nd
919 4163 1086 4228 archetypum
1106 4170 1231 4214 accurate.
1270 4164 1335 4214 Octo
1357 4164 1449 4213 horum
1469 4171 1537 4212 seto-

229 4246 274 4294 mm
290 4251 431 4317 fragmenta
451 4255 560 4320 itemque
580 4271 675 4304 nonum
695 4257 756 4304 olim
777 4256 938 4306 eruderatum
960 4266 1139 4320 servatumque
1159 4256 1237 4306 hodie
1262 4256 1289 4304 in
1308 4270 1396 4305 museo
1409 4257 1537 4306 Vaticano

230 4325 262 4389 (C.
275 4341 292 4391 l.
306 4347 334 4395 L.
354 4347 405 4407 VI,
432 4349 482 4395 877
491 4345 514 4407 b)
535 4363 609 4412 quem
634 4349 717 4397 locum
742 4349 767 4397 in
792 4349 867 4411 cippo
891 4350 989 4413 integro
1014 4349 1153 4408 tenuerint,
1184 4347 1296 4397 ostendit
1325 4348 1411 4397 tabula
1440 4348 1536 4397 ibidem

230 4435 249 4484 l·
261 4432 303 4484 607
323 4446 348 4487 et
367 4439 522 4503 intellegitur
541 4441 602 4488 item
622 4455 653 4488 ex
674 4456 703 4488 ea
724 4455 788 4504 quae
808 4442 920 4504 sequitur
940 4448 1023 4490 textus
1044 4442 1165 4490 editione.

290 4528 313 4591 π)
343 4533 444 4580 Aureus
468 4533 497 4580 L.
518 4533 638 4581 Mescinii
664 4533 720 4581 Rufi
746 4534 836 4582 Illviri
861 4549 918 4582 cum
945 4535 1081 4598 inscriptus
1105 4534 1138 4582 sit
1160 4535 1218 4600 imp.
1238 4530 1333 4583 Caesar
1352 4539 1383 4580 tr.
1403 4540 1459 4599 pot.
1481 4529 1539 4581 XII

230 4610 344 4675 [Bebelon
370 4640 448 4672 moran.
473 4623 503 4671 de
528 4624 553 4671 lu
580 4621 631 4689 re'p.
654 4624 723 4673 Itoni.
750 4627 779 4686 2,
807 4628 871 4687 221;
903 4626 992 4676 Cohen
1021 4643 1100 4675 monn.
1126 4624 1169 4675 des
1195 4641 1257 4693 emp.
1280 4629 1292 4675 1
1319 4642 1343 4690 p.
1361 4626 1412 4674 130
1441 4641 1466 4674 n.
1485 4625 1537 4675 460

228 4712 259 4761 ed.
272 4714 304 4775 2),
326 4717 432 4765 emissus
451 4725 489 4765 est
508 4732 531 4765 u.
548 4718 643 4771 73812.
677 4719 797 4767 Eiusdem
818 4720 939 4768 denarius
958 4719 1094 4783 inscriptus
1113 4726 1151 4768 est
1173 4716 1268 4768 Caesar
1287 4718 1415 4783 Aequales
1435 4725 1465 4767 tr.
1485 4725 1537 4783 pot.

225 4805 339 4865 (Bsbelon
360 4809 376 4856 l.
392 4808 437 4869 c),
463 4824 527 4870 non,
554 4809 795 4871 utaitEclrhe16‚
817 4813 884 4872 202,
911 4811 1040 4876 Aupustus
1060 4818 1090 4859 tr.
1108 4818 1160 4877 pot.
1176 4807 1231 4859 VII
1253 4810 1408 4872 (emendavit
1427 4824 1538 4859 errorem

219 4901 314 4951 Ametlr
340 4902 366 4949 in
392 4902 453 4949 aretis
477 4902 617 4950 minoribns
643 4894 877 4953 scedllindobon.
898 4920 921 4954 a.
939 4904 1008 4953 1853
1028 4921 1052 4968 p.
1069 4904 1141 4963 923).
1180 4903 1310 4952 Denarius
1334 4904 1399 4952 alter
1417 4903 1453 4952 Μ.
1475 4902 1539 4953 San·

216 4994 295 5060 quinii
317 4992 442 5053 (Balrelon
463 4993 480 5041 l.
495 5010 516 5042 c.
538 4996 562 5055 2,
583 4993 646 5055 41ἳ)
666 5009 760 5045 annum
779 5011 831 5047 non
851 4997 934 5061 megia
953 4997 1077 5046 enuntiet.

289 5082 312 5146 ³)
343 5085 414 5145 Quae
436 5086 468 5135 de
487 5086 554 5135 ludis
573 5088 605 5135 iis
625 5087 652 5136 in
670 5086 745 5137 festis
762 5087 891 5155 legumus,
915 5088 1011 5155 scripta
1030 5094 1088 5138 sunt
1107 5104 1158 5138 non
1179 5089 1235 5152 ipso
1256 5103 1286 5136 co
1306 5103 1383 5149 anno,
1409 5102 1458 5151 quo
1479 5086 1540 5134 editi

208 5187 285 5240 sunt,
311 5179 355 5228 sed
381 5186 441 5228 unte
465 5180 574 5243 Augusti
601 5178 700 5230 obitum
723 5177 764 5243 (s.
787 5192 855 5249 qm
877 5181 987 5238 ansul
1012 5181 1045 5295 ip
1064 5181 1175 5231 Hermus
1201 5181 1251 5230 vol.
1272 5182 1287 5230 9
1313 5196 1338 5244 p.
1353 5180 1404 5229 268
1426 5197 1460 5222 ==
1479 5177 1540 5229 rtirn.

204 5267 321 5329 Forsct.
344 5272 368 5333 2,
389 5270 443 5333 61).

248 5381 442 5444 Esusuanrs
466 5397 569 5441 seron.
596 5380 745 5444 voum
1283 5385 1316 5441 15
