3472 5828
529 556 732 607 coltsz'rvs
760 557 963 607 CIVNIENSIS

459 814 539 873 vm
571 812 893 873 evevssosiuon
917 832 946 890 p.
964 814 1036 874 9³0.

92 963 157 1032 149
184 972 265 1029 Inter
297 969 448 1029 Oaatilmiz
477 977 506 1027 et
535 968 676 1046 Adeitha
703 968 812 1046 oppida
842 967 1012 1046 provinciae
1039 968 1073 1027 dc
1100 967 1202 1042 Serio,
1228 967 1346 1047 partile
1372 969 1405 1026 de

132 1072 258 1154 Apredc,
282 1073 314 1132 in
336 1073 385 1132 via
407 1094 424 1132 a
446 1071 652 1132 llatclcbrerce
675 1075 713 1132 ed
734 1072 885 1150 Aiacos'eja
915 1091 969 1149 pro
992 1070 1119 1131 termino
1141 1078 1187 1131 ast
1209 1093 1259 1132 ara
1281 1072 1342 1131 alta
1362 1091 1402 1131 nr.

133 1181 220 1257 0.50,
249 1179 310 1236 lata
333 1181 420 1255 034,
450 1180 576 1237 sortasse
606 1197 641 1236 eo
670 1176 766 1236 delate
795 1197 831 1235 ex
860 1176 949 1235 Mure
974 1177 1008 1234 dc
1033 1176 1150 1254 Apsoda
1177 1176 1301 1254 oppido,
1332 1175 1351 1235 i.
1377 1195 1401 1233 e.

132 1281 357 1358 Augustobriga
379 1278 418 1361 (Π
440 1300 468 1357 p.
486 1278 572 1360 390).
617 1280 747 1340 Litterae
770 1287 841 1339 sunt
863 1299 937 1340 saec.
961 1282 984 1356 1,
1009 1280 1086 1339 altae
1107 1300 1146 1339 m.
1171 1283 1253 1340 0.05.

644 1487 851 1529 usuri

643 1589 850 1633 c·rsra0rr

644 1692 851 1735 ivs·rsrsa1s

643 1795 851 1851 vs·Q·r·ur

605 1898 852 1942 sssrcrvs

644 2002 852 2045 v·s·1.·rs

88 2195 240 2270 Descripsi
266 2215 303 2253 ex
330 2199 434 2271 ectypo
463 2216 480 2251 a
508 2193 575 2252 Fita
602 2191 709 2271 misso,
739 2193 792 2268 qui
819 2194 863 2253 ed.
888 2193 941 2253 bol.
966 2194 999 2250 de
1021 2193 1050 2252 la
1072 2193 1162 2252 Aeaci.
1192 2194 1296 2252 XXIII
1322 2193 1402 2252 1893

88 2319 116 2376 p.
135 2301 195 2357 484
219 2306 373 2375 acceptum
395 2318 412 2354 a
434 2297 560 2355 Nicolao
583 2296 680 2355 Rabal
703 2295 837 2356 Soriensi
858 2318 912 2374 per
933 2296 1106 2355 Eduardum
1128 2297 1285 2355 Saevedra.

130 2405 248 2461 Nomen
274 2401 366 2478 patris
396 2400 528 2476 positum
556 2409 626 2477 post
654 2418 819 2475 cognomen
847 2404 914 2460 ul
946 2407 1050 2458 contra
1076 2419 1165 2458 usum
1193 2400 1346 2475 vulgarem
1375 2406 1405 2457 et

87 2504 224 2564 missicim
244 2504 422 2563 vocabulum
445 2504 572 2581 simplex
594 2503 744 2563 adiectum
770 2523 832 2561 non
858 2503 974 2563 adiecto
1002 2523 1141 2581 numero,
1173 2502 1204 2560 in
1226 2522 1286 2577 quo
1313 2504 1403 2561 homo

87 2608 138 2667 ille
161 2607 310 2685 stipendia
333 2610 456 2687 fecerat,
486 2627 554 2666 cum
576 2613 686 2684 aetate,
715 2626 805 2682 quam
826 2606 941 2666 indicat
962 2607 1128 2666 litterarum
1150 2607 1260 2684 forma,
1283 2613 1404 2664 etcum

87 2711 241 2788 provincia
260 2711 451 2770 conveniunt.
491 2710 634 2770 Similiter
649 2709 797 2769 Martialis
811 2709 977 2769 missicium
992 2708 1070 2769 dixit
1087 2710 1215 2787 petriam
1228 2712 1404 2769 Ravennam
1504 2796 1506 2800 Ι

86 2822 187 2892 petere
214 2812 267 2893 (111
291 2811 398 2893 91,1).
444 2814 512 2873 Fite
534 2812 702 2873 observavit
724 2815 853 2872 eundem
874 2812 1028 2873 hominem
1049 2814 1176 2873 fortasse
1198 2813 1350 2873 nominari
1369 2812 1403 2872 in

88 2918 175 2978 titulo
198 2917 472 2994 Augustobrigensi
498 2918 634 2977 112848
663 2915 835 2992 imperfecte
863 2917 1028 2994 descripto;
1058 2918 1111 2976 sed
1133 2937 1149 2976 e
1172 2916 1293 2976 nomine
1319 2916 1403 2977 illius

87 3066 120 3083 ..
139 3038 213 3081 aoru
230 3065 262 3083 ..
286 3029 403 3081 tantum
423 3021 541 3080 litterae
564 3027 735 3097 supersunt.

992 3170 1403 3179 ———

992 3182 1403 3192 ————-————-·

574 3300 628 3359 lX.
658 3299 772 3356 LARA
793 3317 822 3373 p.
841 3300 912 3360 930.

503 3436 629 3495 Accedit
653 3436 830 3504 Quiatcnillo
853 3435 984 3497 Sancite.

174 3580 250 3635 Lara
272 3579 305 3635 de
320 3577 361 3633 loe
375 3576 507 3654 Infantes
529 3575 561 3632 in
584 3574 695 3651 oppido
711 3582 839 3654 vetusto,
863 3578 944 3651 quod
964 3596 1074 3634 nomen
1097 3576 1255 3652 antiquum
1276 3576 1405 3635 servavit

87 3684 211 3739 fortasse
234 3702 294 3738 non
318 3687 475 3757 mutatum,
499 3679 572 3738 olim
595 3678 759 3737 extiterunt
787 3679 869 3738 tituli
892 3680 1073 3758 complures,
1105 3680 1284 3756 sepulcrales
1307 3680 1403 3739 maxi-

87 3805 166 3842 mam
188 3792 302 3859 partem
324 3791 354 3841 et
376 3782 551 3858 anaglyphis
575 3782 672 3840 ornati
694 3783 829 3862 rudibus,
853 3786 906 3843 sed
922 3805 938 3842 e
954 3787 1085 3844 Graecae
1100 3787 1312 3860 Romanaeque
1332 3783 1404 3842 artis

87 3888 233 3964 exemplis
255 3887 403 3946 derivatis.
449 3886 631 3945 Interiorunt
653 3904 756 3945 omnes
778 3894 899 3963 propter
926 3888 1045 3948 solitam
1070 3887 1236 3946 incolarum
1263 3886 1404 3964 ignoran-

86 3992 160 4052 tiam
182 3991 285 4069 pauois
309 3989 455 4068 exceptis,
485 3990 537 4064 qui
560 4010 575 4046 e
598 3989 787 4065 possessione
814 3990 997 4051 Ferdinandi
1017 3992 1144 4050 Alvarez
1172 3991 1229 4050 viri
1255 3991 1404 4050 excellen-

87 4096 206 4175 tissimi,
222 4095 295 4170 regii
311 4095 461 4170 quondam
476 4093 587 4168 gratiae
604 4101 633 4151 et
647 4091 781 4151 iustitiae
795 4092 935 4173 ministri,
958 4094 1031 4154 civis
1045 4095 1195 4174 Larends,
1217 4094 1249 4154 in
1266 4114 1403 4154 museum

88 4199 344 4274 archaeologicum
379 4197 554 4256 Matritense
589 4195 726 4254 translati
760 4203 830 4255 sunt
856 4195 1001 4276 (112869
1030 4207 1060 4258 et
1087 4196 1195 4279 2876).
1253 4202 1404 4262 Quattuor

87 4302 160 4360 editi
192 4303 223 4359 in
257 4302 470 4377 Supplemento
504 4320 570 4358 mco
605 4320 633 4359 n.
665 4302 899 4361 stes-5800.
930 4306 1011 4363 580³
1046 4311 1202 4362 serventur
1233 4302 1266 4361 in
1299 4322 1402 4362 museo

86 4406 248 4479 Burgensi3
280 4413 339 4463 tres
366 4403 437 4462 novi
464 4406 557 4462 Laree
584 4404 695 4479 reperti
717 4411 746 4462 et
769 4426 786 4462 a
809 4405 998 4466 Ferdinendo
1021 4407 1146 4465 Alvarez
1168 4407 1261 4483 empti
1287 4416 1317 4464 et
1343 4405 1403 4481 ipsi

86 4509 118 4566 in
141 4528 276 4566 museum
299 4508 473 4566 Matritense
497 4507 584 4565 inlati
607 4516 677 4566 sunt
699 4506 738 4587 (n.
767 4512 835 4568 150.
864 4513 930 4569 153.
956 4507 1035 4590 155).
1080 4513 1106 4568 Ε
1129 4509 1246 4569 schedis
1268 4508 1403 4568 eiusdem

87 4614 211 4671 Alvarez
235 4620 294 4670 tres
316 4620 467 4688 praeterea
490 4611 599 4669 adiecit
622 4611 696 4689 Fita,
722 4634 798 4687 quos
820 4612 897 4671 inira
919 4614 1054 4672 exhibeo.
1100 4615 1230 4672 Probent
1251 4613 1284 4671 hi
1307 4633 1403 4689 nuper

86 4716 227 4792 descripti
256 4718 396 4790 frequens
423 4717 517 4772 Larae
546 4715 638 4773 luisse
667 4735 763 4790 genus
796 4714 872 4775 illud
905 4717 1060 4776 titulorum
1089 4716 1315 4795 sepulcralium,
1350 4719 1402 4775 sed

86 4821 175 4878 iidem
198 4822 297 4878 denuo
326 4821 442 4896 docent,
473 4820 553 4893 quod
576 4817 649 4877 olim
672 4818 808 4899 exposui,
837 4820 914 4878 male
941 4820 1136 4879 describendo
1166 4840 1287 4897 pessum
1316 4821 1402 4879 datos

87 4945 226 5001 essaeos,
252 4923 305 4998 qui
324 4923 383 4980 iam
399 4943 460 4980 non
479 4929 589 4981 extant.
631 4924 784 5000 Adscripsi
806 4933 927 5001 propter
950 4924 1205 4983 nomenclaturam
1227 4924 1401 5001 plerumque

87 5038 138 5085 aut
160 5034 307 5085 vetustam
330 5040 382 5083 aut
404 5046 500 5083 raram
523 5035 552 5084 et
573 5035 695 5104 propter
717 5028 892 5104 anaglypha.

129 5133 154 5188 E
179 5131 289 5189 vicinia
315 5132 408 5187 Larae
435 5130 558 5188 accessit
584 5131 689 5190 titulus
716 5152 795 5191 unus
826 5129 971 5211 (n.158l,
1001 5132 1053 5205 qui
1079 5129 1266 5190 Paesicorum
1296 5130 1402 5208 populi

86 5235 151 5293 eius
174 5234 304 5308 regionis
327 5233 500 5292 memoriam
522 5234 654 5309 aliquam
675 5237 808 5295 servavit.
847 5238 882 5293 In
905 5235 1056 5295 Galatam
1079 5235 1287 5312 Nertobrigam
1309 5233 1402 5294 Celti·
