3472 5828
302 516 373 586 233

1116 637 1402 647 ——--—-—--————-
1411 635 1420 642 ·

299 716 367 769 ante
393 709 502 767 bellum
524 708 750 785 Fregellanum,
778 717 810 766 ut
832 706 959 767 credulis
984 711 1178 784 persuaderet
1199 709 1278 769 mala
1305 707 1378 768 belli
1399 705 1497 765 Italici
1522 707 1633 766 evitari

299 812 432 889 potuisse
454 812 533 872 ludis
556 820 636 870 recte
658 811 825 881 celebratis,
848 828 1029 886 quamquam
1051 814 1125 872 haec
1146 813 1247 890 opinio
1269 809 1364 887 magis
1386 808 1550 886 probabilis
1573 816 1633 869 est.

300 912 388 974 Certe
410 914 593 990 aliquantum
616 922 685 972 ante
704 913 874 989 Augustum
897 931 1017 971 carmen
1039 916 1186 991 prolatum
1209 925 1264 973 est.
1300 911 1380 972 Nam
1402 910 1551 970 saeculnm
1573 909 1634 971 ΟΧ

299 1037 455 1090 annorum,
478 1018 507 1075 in
530 1036 588 1093 quo
611 1025 756 1086 versatur,
776 1013 906 1074 Varroni
930 1025 1031 1075 notum
1054 1018 1111 1076 tuit
1132 1038 1227 1095 neque
1249 1018 1403 1093 Augustus
1423 1013 1455 1072 id
1476 1013 1634 1093 excogita·

300 1122 354 1191 vit,
383 1120 435 1178 sed
458 1119 596 1196 opinione
618 1128 679 1176 tum
703 1119 792 1195 vulgo
815 1136 924 1195 sparsa
946 1135 1019 1178 usus
1047 1121 1084 1178 ad
1111 1138 1163 1179 ecs
1185 1128 1341 1197 computos
1367 1116 1453 1175 ludos
1475 1133 1546 1174 suos
1566 1116 1633 1175 ior·
1680 1150 1689 1173 .

299 1223 399 1281 mavit.
435 1222 556 1283 Scilicet
577 1221 730 1281 celebrans
753 1238 805 1279 eos
827 1239 888 1279 non
909 1221 1051 1298 inspectis
1067 1223 1164 1281 denuo
1186 1223 1273 1281 libris
1289 1218 1456 1297 Sibyllinis,
1478 1218 1561 1278 cuius
1585 1219 1633 1278 in·

299 1325 459 1403 spectionis
487 1324 601 1382 nullum
627 1324 767 1381 indicium
795 1331 892 1393 extat,
920 1342 1084 1400 provocare
1106 1325 1207 1384 debuit
1232 1323 1270 1383 ad
1292 1340 1412 1382 carmen
1434 1319 1569 1397 Sibyllae
1592 1321 1632 1379 de

299 1427 376 1485 ludis
399 1427 545 1485 eiusmodi
568 1437 637 1484 ante
659 1443 754 1484 annos
778 1423 833 1484 CX
855 1435 907 1484 aut
928 1427 1084 1487 celebratis
1110 1436 1163 1485 aut
1187 1436 1267 1485 certe
1288 1425 1473 1485 celebrandis
1484 1422 1522 1499 1).
1566 1424 1631 1482 lta·

298 1549 355 1605 que
377 1529 464 1587 ludos
488 1529 658 1586 saeculares
680 1546 707 1585 a.
725 1525 794 1599 628,
818 1545 892 1603 qnos
915 1536 991 1587 teste
1007 1527 1174 1589 Censorino
1191 1535 1309 1589 constat
1329 1526 1511 1605 perscriptos
1533 1525 1632 1585 luisse

298 1633 328 1689 in
344 1631 564 1690 commentariis
579 1630 748 1701 XVvirum,
772 1637 804 1687 nt
818 1629 946 1689 dubitari
966 1649 1025 1689 non
1048 1640 1147 1708 potest
1168 1640 1197 1691 et
1212 1632 1291 1691 inira
1306 1629 1530 1689 confirmabitur
1543 1648 1630 1688 num·

298 1753 386 1810 qnam
409 1752 475 1792 esse
499 1733 673 1804 celebratos,
696 1734 738 1791 ita
756 1732 951 1791 certissimum
974 1744 1091 1793 estant
1113 1742 1180 1793 ante
1196 1736 1363 1811 Angustum
1385 1733 1472 1791 fictos
1488 1749 1554 1791 esse
1576 1741 1632 1791 aut

298 1838 334 1895 ab
357 1836 451 1912 ipsius
478 1837 509 1893 in
535 1855 567 1893 re
590 1854 677 1894 saera
699 1834 884 1893 adiutoribus
910 1835 988 1894 felici
1011 1855 1082 1895 casu
1106 1838 1256 1908 inventos,
1284 1855 1338 1895 nec
1363 1834 1526 1913 perspicio,
1552 1852 1629 1911 quo·

298 1938 387 1997 modo
409 1938 590 1997 recentiores
612 1937 731 2012 quidam
754 1937 930 1996 contendere
958 1940 1108 2013 potuerint
1129 1959 1193 1999 eam
1220 1940 1367 1997 fictionem
1393 1938 1425 1996 in
1446 1947 1629 1996 commenta·

298 2041 360 2099 rios
386 2040 455 2098 illos
480 2040 604 2097 relatam
631 2056 698 2097 esse
724 2047 820 2097 aetate
846 2040 962 2098 demum
986 2038 1098 2100 Severi.
1144 2039 1272 2101 Carmen
1298 2050 1396 2099 autem
1419 2058 1437 2097 a
1458 2039 1629 2117 Phlegonte

298 2152 448 2201 servatum
470 2153 503 2200 nt
524 2143 676 2217 aliquanto
699 2150 767 2199 ante
782 2142 950 2219 Angustum
973 2145 1183 2221 conscriptum,
1205 2145 1248 2204 ita
1269 2144 1305 2203 ab
1322 2144 1460 2223 Augusto
1481 2161 1536 2219 pro
1558 2141 1629 2219 lege

297 2255 327 2303 et
352 2264 457 2302 norma
482 2243 617 2302 ludorum
644 2244 840 2302 saecularium
868 2245 1032 2305 admissum
1058 2255 1117 2318 est,
1143 2248 1233 2322 idque
1255 2249 1307 2322 qui
1332 2264 1398 2304 cum
1418 2245 1492 2303 actis
1514 2243 1627 2302 nostris

297 2347 524 2423 comparaverit,
547 2353 671 2422 utraque
693 2347 812 2422 egregie
828 2348 957 2406 inveniet
972 2351 1151 2426 conspirare.
1182 2349 1318 2408 Redeunt
1339 2349 1457 2425 potiora
1471 2347 1573 2405 omnia
1594 2347 1625 2403 in

297 2451 372 2507 actis
395 2458 558 2506 memorata
580 2449 611 2507 in
633 2449 701 2526 ipso
716 2450 846 2509 carmine
868 2461 897 2507 et
910 2469 987 2527 quae
1003 2451 1150 2523 differunt,
1173 2451 1361 2510 continentur
1381 2450 1459 2510 intra
1480 2447 1625 2508 terminos

296 2551 482 2610 executionis
505 2551 674 2611 necessario
696 2552 733 2610 iis
754 2551 929 2627 permissae,
951 2572 1025 2629 quos
1041 2556 1196 2632 Augustus
1218 2554 1256 2612 ad
1278 2571 1398 2612 carmen
1419 2551 1494 2610 illud
1515 2551 1625 2610 festum

297 2653 435 2711 ordinare
456 2652 554 2711 iussit.

298 2882 499 2892 -a---—-—

375 3083 397 3145 l)
427 3084 587 3135 Coniecturis
606 3087 695 3147 acutis,
721 3088 842 3137 sedeam
862 3086 963 3137 traditis
983 3102 1073 3152 parum
1093 3088 1269 3150 conciliandis,
1293 3102 1356 3153 quas
1376 3087 1408 3136 de
1427 3087 1626 3151 computationi-

296 3177 343 3227 bns
363 3177 534 3227 saecularibus
553 3176 614 3228 Otto
633 3178 780 3229 Hirschfeld
806 3177 921 3242 (liberter
941 3176 1046 3230 Studien
1069 3182 1136 3230 1881
1160 3197 1184 3246 p.
1198 3182 1232 3231 at
1247 3179 1309 3245 seq.)
1335 3179 1442 3245 protulit
1460 3187 1485 3228 et
1506 3178 1626 3244 pluribus

297 3271 358 3319 viris
378 3270 464 3334 eisque
484 3271 588 3333 optimis
607 3272 726 3335 probarit
745 3272 830 3333 (Diels
848 3274 865 3322 l.
879 3289 900 3321 e..
920 3288 945 3336 p.
961 3272 1015 3334 14),
1038 3273 1157 3338 equidem
1177 3288 1230 3323 non
1250 3273 1389 3322 adsentior.
1421 3272 1532 3336 Angusti
1553 3273 1626 3322 ordi·

295 3363 366 3412 natio
386 3370 412 3410 et
432 3363 457 3411 in
479 3362 547 3412 clara
565 3363 621 3412 luce
640 3365 725 3426 posito
744 3373 781 3415 est
800 3375 826 3414 et
844 3382 860 3414 a
878 3366 1062 3429 posterioribus
1081 3367 1116 3415 ita
1136 3374 1236 3415 retenta
1254 3373 1279 3414 et
1299 3366 1456 3426 confirmata,
1476 3373 1505 3414 ut
1523 3366 1624 3431 perspi-

296 3470 370 3503 cuum
390 3456 422 3503 sit
441 3470 485 3503 eos
504 3455 615 3519 pendere
635 3457 767 3506 aeardine
786 3459 845 3506 anni
861 3458 912 3507 738
933 3467 959 3506 et
978 3473 1009 3507 ne
1028 3458 1130 3508 novisse
1149 3458 1253 3523 quidem
1272 3456 1381 3507 alterum
1400 3457 1432 3506 ab
1446 3458 1625 3509 Hirschfeldio

296 3547 457 3596 substitutum
477 3562 500 3595 a.
517 3549 577 3597 731.
616 3548 684 3600 Sane
704 3549 867 3599 Domitianus
892 3551 967 3599 ludos
987 3551 1122 3601 celebrarit
1141 3552 1264 3600 sexennio
1284 3558 1342 3600 ante
1362 3558 1475 3614 tempus,
1499 3550 1544 3600 sed
1567 3552 1623 3615 ipse

297 3640 427 3702 Angustus
447 3655 511 3703 qnos
530 3654 553 3689 a.
569 3641 620 3690 738
641 3641 716 3690 edere
732 3642 848 3703 debebat,
869 3643 950 3692 edidit
969 3658 1037 3692 anno
1057 3644 1234 3707 praecedente,
1254 3654 1280 3692 et
1299 3659 1355 3693 cum
1370 3644 1507 3695 Suetonius
1526 3643 1625 3695 diserte

295 3733 389 3782 scribat
402 3733 577 3782 Domitianum
592 3734 701 3797 Augusti
721 3735 909 3784 ordinationem
928 3743 1040 3784 scrutum
1061 3752 1124 3798 esse,
1145 3739 1182 3787 ita
1201 3751 1257 3786 eam
1278 3744 1377 3786 secutus
1396 3746 1442 3797 est,
1464 3744 1492 3785 ut
1511 3736 1623 3787 similem

295 3826 505 3890 anticipationem
519 3826 672 3887 admitteret,
693 3842 749 3875 cum
770 3829 918 3890 praesertim
938 3842 969 3877 ea
982 3844 1082 3893 quoque
1102 3844 1167 3893 quae
1186 3831 1218 3879 de
1237 3830 1305 3879 ludis
1324 3844 1347 3878 a.
1363 3829 1414 3879 605
1435 3835 1550 3879 auctores
1571 3837 1623 3879 tra·

295 3918 359 3967 dunt
378 3918 514 3966 ostendant
534 3933 578 3967 eos
598 3928 655 3981 post
675 3928 773 3981 tempus
793 3920 834 3967 edi
856 3921 968 3983 potuisse
988 3929 1012 3969 et
1035 3929 1093 3985 post
1112 3922 1290 3971 Domitianum
1310 3922 1433 3971 sexennio
1453 3923 1497 3970 illo
1517 3923 1623 3987 insuper

295 4010 383 4058 habito
403 4011 498 4059 reditus
517 4010 598 4059 factus
619 4012 652 4059 sit
671 4011 704 4059 ad
724 4014 940 4075 computationem
961 4012 992 4062 nb
1012 4014 1128 4078 Augusto
1148 4015 1298 4064 institutam.
1331 4015 1470 4065 Praeterea
1489 4016 1623 4079 Augustus

294 4104 315 4151 si
341 4102 467 4150 saeculnm
491 4103 565 4151 tinire
590 4103 710 4153 voluisset
733 4118 757 4152 a.
773 4106 821 4153 731
849 4114 873 4153 et
898 4114 1001 4169 propter
1019 4106 1135 4156 Marcelli
1160 4114 1267 4156 mortem
1293 4108 1428 4156 eonsilium
1452 4107 1622 4170 deposuisset,

295 4195 357 4259 quid
376 4195 479 4244 vetabat
497 4196 571 4245 ludos
592 4204 649 4260 post
668 4212 762 4245 anuum
782 4197 819 4245 ita
839 4197 922 4259 edere,
944 4205 971 4246 ut
990 4200 1146 4262 computatio
1166 4201 1297 4249 maneret?
1336 4199 1454 4262 Denique
1473 4215 1530 4249 eum
1550 4200 1622 4250 Mar·

294 4288 372 4337 celius
392 4287 460 4336 diem
480 4288 572 4337 obierit
592 4297 650 4353 post
670 4289 771 4338 brevem
792 4290 977 4353 aegritudinem
997 4306 1048 4340 uon
1069 4299 1127 4340 ante
1147 4306 1260 4342 mensem
1280 4295 1424 4355 Augustum
1449 4290 1526 4351 (Ptin.
1548 4291 1573 4339 h.
1595 4308 1622 4342 n.

297 4381 338 4439 19,
361 4382 385 4440 1,
407 4380 452 4437 ‘293
478 4379 530 4428 Dio
552 4379 595 4441 53,
617 4380 677 4441 31),
703 4381 755 4429 ludi
776 4380 803 4429 hi
828 4384 916 4445 primis
936 4381 1025 4431 diebus
1044 4384 1137 4433 mensis
1157 4384 1225 4434 Iunii
1249 4384 1341 4433 edendi
1361 4398 1391 4432 eo
1411 4382 1480 4431 luctu
1498 4383 1622 4446 impediri

294 4487 345 4520 non
370 4478 514 4535 potnerunt.
554 4472 606 4523 Sed
626 4489 677 4522 non
698 4489 761 4537 opus
781 4483 819 4522 est
838 4474 878 4522 his
898 4475 1137 4526 ratiocinationibus
1157 4477 1301 4533 immorari3
1328 4476 1503 4540 quaestionem
1525 4476 1622 4526 diserto

294 4565 440 4613 testimonio
460 4565 580 4614 decidunt
600 4565 658 4614 lasti
679 4565 819 4630 Capitolini
839 4567 1020 4618 additamentis
1040 4585 1104 4632 quae
1130 4569 1223 4618 habent
1242 4569 1274 4618 de
1297 4568 1364 4617 ludis
1383 4568 1555 4617 saecularibus
1575 4569 1622 4618 ad-

294 4656 394 4719 scriptis
413 4656 554 4720 imperante
574 4659 705 4706 etiamtum
727 4638 843 4722 Augusto
868 4659 955 4722 (supra
973 4677 998 4723 p.
1014 4662 1065 4709 225
1085 4670 1139 4710 ιιοι.
1155 4661 1180 4722 2)
1205 4677 1256 4710 non
1282 4661 1315 4710 ad
1335 4675 1417 4711 annos
1435 4660 1621 4711 Hirsehicltlia-

293 4764 349 4809 nos,
369 4749 413 4798 sed
433 4749 465 4797 ad
485 4765 528 4799 eos
548 4767 611 4814 quos
631 4751 737 4814 requirit
757 4752 885 4801 saeculum
907 4752 955 4801 CX
975 4768 1109 4802 annorum.
1147 4754 1215 4803 Nam
1235 4755 1361 4818 deperditi
1382 4754 1484 4819 quidem
1504 4764 1563 4803 sunt
1583 4754 1622 4815 (nt

293 4841 381 4890 docuit
400 4856 440 4890 me
460 4841 492 4890 de
511 4857 542 4891 ee
560 4859 587 4891 re
607 4844 775 4906 interrogatus
796 4844 948 4904 Huelsentrs)
972 4845 1036 4904 loci,
1062 4847 1089 4894 in
1109 4846 1201 4910 quibus
1226 4847 1279 4895 ludi
1300 4863 1323 4897 a.
1339 4848 1400 4897 298.
1421 4846 1482 4896 408.
1503 4847 1555 4896 628
1580 4847 1621 4896 in-

293 4933 421 4983 scribendi
440 4932 555 4995 sumunt,
581 4944 607 4984 at
626 4949 691 4999 (puae
711 4944 825 5000 superest
844 4937 976 4987 adnotatio
1001 4938 1130 5002 pertinens
1149 4939 1182 4988 ad
1202 4940 1292 4988 asts
1314 4941 1350 4988 ita
1369 4939 1496 4990 collocata
1515 4947 1565 5000 est,
1590 4948 1622 4989 ut

291 5025 363 5075 nullo
386 5026 464 5076 modo
488 5042 545 5076 cum
565 5027 738 5077 Hirschfeldio
762 5028 795 5077 ad
819 5044 842 5078 a.
862 5030 914 5079 505
940 5030 1035 5080 retrahi
1062 5031 1150 5095 possit.
1189 5030 1319 5081 Habemus
1343 5032 1419 5095 igitur
1444 5033 1619 5082 testimonium

292 5117 399 5181 aequale
418 5119 451 5168 de
469 5119 636 5171 saeculariam
656 5121 816 5185 superiorum
834 5121 995 5173 ordination
1014 5138 1089 5186 vero,
1115 5124 1160 5174 sed
1180 5138 1255 5189 quem
1275 5124 1407 5189 Augustus
1426 5139 1472 5188 pro
1492 5139 1552 5174 vero
1571 5124 1619 5174 ad-

293 5209 370 5259 misit.
