3472 5828
325 501 396 571 312
676 520 802 571 nvnm
831 518 992 571 avovsm
1019 520 1066 569 aa
1093 518 1292 569 nommant

473 712 558 768 pram
579 694 731 751 adducens.
776 692 891 749 Nummi
911 696 1078 766 inscriptio:
1103 706 1162 749 cos
1185 707 1244 747 xttn
1268 706 1327 747 nvn
1351 704 1423 747 sanc
1447 704 1514 760 isc,
1537 692 1648 748 eadem·

474 805 588 870 quaest
611 799 639 851 in
661 795 847 870 sequentibus.
909 831 914 839 .

526 896 676 953 Ludnram
704 906 771 953 acta
799 897 975 972 Augustana
1001 896 1078 970 quod
1108 894 1252 962 referunt,
1289 912 1373 952 sacra
1401 893 1551 951 celebrata
1578 911 1646 949 esse

476 999 591 1056 Achivo
614 999 670 1055 ritu
697 997 747 1073 (cf.
772 1016 799 1072 p.
816 996 905 1072 257),
929 998 1038 1054 nummi
1059 996 1222 1054 Domitiani
1246 996 1392 1054 sacrificia
1414 1013 1645 1052 commemoran-

475 1112 517 1158 tes
547 1101 665 1177 egregie
694 1099 856 1157 illustrant:
890 1100 920 1156 in
947 1099 1084 1156 omnibus
1111 1099 1188 1156 enim
1225 1098 1387 1173 imperator
1418 1116 1476 1154 non
1507 1097 1645 1155 Romano

473 1203 621 1261 sacrificat
641 1202 697 1259 ritu
721 1201 833 1276 (capite
849 1201 959 1276 velato)
982 1201 1034 1259 sed
1051 1199 1179 1272 Graeco,
1202 1212 1306 1276 aperto
1321 1201 1419 1274 capite
1442 1199 1494 1275 (ef.
1513 1199 1643 1256 Macrob.

477 1307 502 1372 1,
526 1303 554 1374 8,
579 1302 626 1378 2);
649 1321 744 1378 neque
767 1302 902 1360 Romana
924 1314 971 1359 est
992 1303 1085 1360 vestis
1107 1303 1224 1360 tunicae
1247 1301 1407 1359 similis-
1424 1303 1524 1359 nescio
1548 1313 1644 1359 utrum

473 1407 550 1463 stola
578 1425 615 1463 an
643 1405 702 1463 alio
730 1404 848 1461 nomine
878 1404 1057 1481 appellanda
1079 1437 1117 1446 -
1140 1405 1169 1460 in
1193 1423 1311 1461 nummo
1335 1404 1422 1461 modo
1445 1403 1593 1487 descripto
1616 1415 1646 1461 et

472 1508 501 1564 in
530 1526 564 1564 eo
591 1508 641 1582 qni
669 1506 803 1581 sequitur
831 1524 986 1582 expressa.
1037 1503 1122 1578 Quod
1151 1525 1221 1563 vero
1248 1508 1410 1581 imperator
1436 1507 1465 1561 in
1496 1506 1644 1563 sacrificio

473 1610 585 1683 primae
607 1609 701 1665 noctis
725 1617 753 1664 et
777 1608 862 1682 primi
886 1607 941 1665 diei
967 1606 1084 1666 Graeca
1107 1618 1187 1665 veste
1211 1609 1312 1679 utitur,
1338 1616 1409 1685 toga
1436 1608 1558 1683 reliquia
1581 1608 1645 1665 die·

473 1711 527 1767 bus
549 1711 591 1783 (n.
610 1711 660 1768 6α.
679 1708 728 1767 fit.
747 1709 774 1764 7.
791 1708 835 1783 9),
858 1710 887 1766 id
909 1710 1059 1783 quomodo
1081 1709 1288 1784 explicandum
1313 1711 1353 1766 sit
1375 1711 1485 1768 nescio.

403 1812 495 1870 Primi
520 1812 578 1870 diei
600 1831 716 1871 sacrum
740 1810 855 1886 effingit
877 1829 1013 1870 nummus
1036 1829 1146 1869 aeneus

381 1916 445 1972 ni
467 1912 585 1986 (Oniten
610 1935 637 1971 n.
654 1913 720 1988 89):
752 1913 825 1970 Ante
852 1915 948 1971 aedem
973 1933 1022 1972 sea
1047 1914 1239 1972 columnarum
1262 1915 1371 1972 ordinis
1396 1923 1427 1970 ut
1452 1914 1562 1970 uidetur
1591 1911 1644 1969 Co-

470 2017 569 2072 rintitii
598 2017 641 2089 (in
663 2018 803 2090 sastipio:
831 2017 949 2090 emona)
976 2020 1129 2090 imperator
1157 2016 1252 2073 eodem
1278 2033 1363 2090 quam
1388 2033 1478 2090 supra
1505 2016 1645 2090 descripsi

470 2128 542 2174 ueste
568 2119 683 2175 indutus
709 2136 731 2173 s.
754 2118 886 2185 demissa,
913 2119 940 2173 d.
960 2128 1089 2192 pateram
1116 2128 1209 2175 tenens
1231 2118 1271 2173 ad
1292 2136 1373 2173 arom
1395 2119 1555 2192 sacrificat;
1579 2128 1644 2175 ante

471 2238 530 2276 eum
551 2220 655 2293 fidicen
682 2229 708 2277 et
735 2221 845 2289 tibicen,
871 2238 945 2294 pone
966 2220 1022 2275 duo
1043 2222 1175 2288 ministri,
1203 2238 1321 2294 quarum
1347 2238 1419 2277 unus
1446 2221 1539 2276 boetem
1562 2227 1644 2289 tenet,

471 2322 545 2376 atter
565 2324 706 2379 uictimam
727 2326 821 2380 securi
835 2323 917 2395 serit.

401 2422 446 2478 Ad
480 2423 627 2479 secundae
662 2425 756 2481 noctis
790 2423 967 2480 sacrificium
996 2422 1169 2480 referendus
1202 2434 1249 2480 est
1280 2423 1422 2481 alteruter
1454 2443 1641 2481 nummorum

318 2542 473 2580 aeneorum
496 2544 523 2580 n.
542 2524 593 2580 6α.
615 2525 655 2581 (ib
676 2535 705 2581 et
724 2526 752 2596 t,
776 2526 829 2582 nisi
854 2525 930 2581 forte
953 2533 1075 2598 uterque
1097 2524 1175 2582 idem
1199 2534 1411 2582 commemorat
1432 2525 1619 2582 sacrificium.

359 2646 386 2681 n.
404 2626 447 2682 (ia
469 2623 587 2698 (Cohen
611 2647 639 2682 n.
656 2627 724 2701 91):
755 2628 828 2684 Ante
857 2628 953 2684 aedem
975 2635 1108 2701 quattuor
1135 2626 1328 2683 columnarum
1353 2627 1564 2685 Corinthiarum
1592 2632 1642 2685 tri·

466 2732 598 2802 pertitam
620 2729 707 2799 (duas
722 2740 860 2786 extremae
878 2736 977 2803 partes
992 2728 1119 2802 sastipia
1140 2729 1242 2785 habent
1256 2733 1367 2785 coronis
1383 2739 1528 2797 exameta,
1548 2730 1642 2787 media

467 2847 539 2902 pars
562 2838 635 2887 testa
657 2840 697 2885 est
711 2834 842 2904 sornioe;
871 2834 942 2887 inter
968 2848 1091 2887 summas
1119 2831 1263 2887 columnas
1282 2831 1363 2905 pilae
1386 2850 1494 2904 paruae
1516 2835 1574 2887 siue
1596 2851 1641 2887 eo·

469 2931 599 2988 lamellae
622 2941 755 3006 quattuor
776 2942 828 2989 aut
848 2932 910 3007 sen)
936 2936 1089 3006 imperator
1115 2943 1226 3006 topatus
1253 2952 1274 2988 s.
1298 2935 1434 3002 notamen,
1461 2934 1488 2990 d.
1508 2942 1642 3007 pateram

468 3042 561 3089 tenens
583 3033 624 3090 ad
644 3052 726 3090 aram
748 3035 910 3108 sumptam
931 3043 996 3090 aute
1018 3052 1079 3091 cum
1100 3034 1197 3091 tibicen
1219 3046 1245 3091 at
1259 3036 1372 3107 fidicen,
1395 3036 1537 3092 adultera
1557 3045 1643 3108 parte

468 3153 537 3190 orae
563 3133 701 3210 Tiberim)
730 3137 807 3192 lium-i
833 3137 932 3192 sedens
958 3136 1003 3192 oel
1020 3139 1116 3209 potius
1147 3137 1252 3193 cubans
1275 3155 1297 3191 s.
1321 3155 1408 3193 coma
1429 3140 1527 3212 copiae
1548 3147 1641 3194 tenens

468 3236 509 3306 (d.
533 3238 642 3294 uidetur
665 3237 796 3294 habitasse
817 3235 1027 3309 harundinem).

400 3339 496 3394 {luins
523 3340 632 3394 nummi
655 3340 782 3397 varietas
806 3350 889 3397 extat
913 3339 999 3395 liaeo:

358 3460 384 3494 n.
402 3442 456 3497 ut:
482 3441 558 3496 Idem
580 3442 745 3514 sacrificium
769 3444 935 3515 eaedemque
951 3443 1080 3515 fipuroe5
1107 3441 1156 3498 sed
1183 3443 1267 3498 aedes
1290 3452 1329 3497 est
1350 3445 1473 3516 qttinque
1495 3444 1639 3500 columna·

467 3561 526 3598 rum
550 3543 759 3599 Corinthiarum
783 3542 868 3616 (inter
890 3561 1012 3598 summos
1035 3542 1178 3599 columnas
1197 3545 1279 3618 pilae
1299 3562 1407 3616 paruae
1429 3548 1486 3600 sice
1507 3546 1639 3601 columel-

466 3644 511 3698 lae
532 3644 694 3717 quattuor),
723 3649 801 3702 cuius
829 3655 927 3701 testum
950 3647 1109 3719 bipertitum
1130 3645 1175 3700 uei
1196 3648 1362 3720 tripertitum
1386 3650 1496 3716 autito,
1525 3658 1555 3703 ut
1576 3665 1639 3704 eon-

466 3754 518 3800 stet
553 3764 586 3801 en
615 3746 724 3801 duobus
754 3751 894 3821 tpntponis
924 3746 966 3820 (in
997 3757 1115 3820 atroam
1143 3748 1261 3819 corona)
1293 3751 1445 3804 coniunctis
1473 3758 1502 3804 ut
1528 3750 1640 3806 uidetur

459 3849 572 3917 fornice
595 3849 773 3903 testudinata.

378 3948 438 4003 n.7
464 3945 580 4020 (Cohen
605 3968 632 4003 n.
650 3948 717 4021 85):
753 3951 825 4007 Ante
851 3952 946 4007 aedem
973 3970 1022 4007 sea
1048 3952 1240 4007 columnarum
1268 3950 1479 4007 Corinthiarum
1506 3951 1548 4022 (in
1571 3953 1641 4008 aliis

465 4049 668 4122 exemplaribus
698 4051 843 4107 columnae
869 4061 933 4107 sunt
955 4057 1095 4126 quinque5
1120 4056 1148 4108 in
1167 4055 1291 4126 sastipio
1318 4055 1399 4108 modo
1422 4072 1534 4123 corona,
1557 4057 1641 4110 vitoda

464 4150 578 4224 aquila)
600 4154 755 4225 imperator
777 4162 888 4227 topatus
911 4172 933 4209 s.
953 4154 1090 4222 colu-inea,
1114 4156 1140 4210 d.
1160 4166 1290 4227 pateram
1312 4165 1404 4211 tenens
1427 4156 1568 4211 adaram
1591 4175 1639 4212 sa-

464 4253 589 4325 crificam
614 4263 679 4310 ante
701 4273 759 4311 eum
783 4255 882 4311 tibicen
904 4265 930 4310 et
944 4256 1058 4329 fidicen.

516 4351 590 4410 Cum
619 4357 767 4412 sacrificio
794 4358 940 4414 sesinidae
968 4359 1062 4414 noctis
1086 4358 1230 4432 imagines
1253 4361 1411 4415 concinunt
1433 4359 1462 4414 in
1484 4377 1530 4423 eo,
1558 4360 1638 4433 quod

463 4455 493 4512 in
517 4467 640 4529 utroque
664 4477 783 4515 nummo
806 4459 983 4516 sacrificium
1007 4461 1040 4517 fit
1063 4461 1126 4516 sins
1150 4461 1285 4517 victimae
1308 4460 1525 4528 immolationc3
1553 4462 1639 4516 itom-

462 4576 519 4632 quc
541 4558 660 4615 Tiberis
690 4562 860 4634 praesentia
887 4562 916 4617 in
947 4562 1045 4634 priore
1075 4564 1183 4636 optimo
1213 4563 1364 4635 conspirat
1392 4580 1456 4617 cum
1489 4563 1638 4620 sacrificio

389 4818 411 4879 ¹)
433 4818 597 4866 Cavedonius
617 4818 694 4879 (Ana.
715 4818 739 4866 d.
756 4818 817 4868 lust.
837 4823 903 4870 1853
924 4839 948 4885 p.
965 4822 1008 4881 tt)
1028 4822 1094 4870 hanc
1113 4823 1221 4886 figuram
1241 4824 1325 4887 potius
1346 4823 1438 4871 Palatii
1457 4824 1561 4886 genium
1581 4839 1637 4872 esse

310 4920 381 4972 putat
398 4906 493 4975 perciti
512 4924 569 4958 essa
594 4927 640 4958 non
666 4907 821 4972 esdrniata,
842 4931 883 4962 ma
901 4912 1005 4972 sedente,
1026 4930 1039 4962 e
1058 4931 1146 4962 usatica
1170 4907 1254 4962 l'urna
1278 4922 1391 4983 versante
1415 4930 1496 4979 acqua
1522 4912 1637 4975 [Tiberis

310 5003 364 5050 sine
385 5017 448 5051 urna
468 5010 507 5051 sat
527 5018 548 5050 s.
570 5018 594 5065 g.
614 5004 640 5050 in
661 5019 765 5052 nummo
787 5007 911 5054 Antonini
931 5006 972 5054 Pii
994 5006 1081 5055 Cohcn
1104 5011 1164 5054 Ant.
1179 5023 1203 5055 n.
1220 5005 1283 5068 822]
1305 5043 1310 5054 .
1332 5042 1338 5054 .
1360 5042 1365 5054 .
1387 5004 1412 5054 lt
1429 5008 1502 5070 penio
1522 5006 1565 5055 del
1583 5006 1634 5056 Pn-

309 5092 386 5141 latina
407 5092 467 5141 bene
486 5095 510 5141 si
527 5091 641 5142 starebbe
657 5112 745 5161 presso
765 5097 786 5144 il
805 5098 891 5161 tempii)
912 5097 940 5144 di
959 5096 1051 5162 Apollo
1074 5096 1201 5148 Palatino.
1235 5095 1260 5145 lt
1284 5100 1370 5164 tempio
1396 5106 1472 5147 stesso
1493 5097 1505 5146 i
1525 5100 1636 5148 iiateivole

303 5178 342 5249 pe'
365 5184 411 5234 due
432 5187 488 5233 suoi
498 5187 596 5251 fastipi
614 5206 627 5233 o
649 5190 754 5255 timpum*
772 5188 814 5236 che
834 5189 858 5236 lo
879 5197 1002 5237 sitast-rouo
1022 5206 1086 5238 some
1106 5190 1212 5256 duplice.
