3472 5828
314 495 388 566 484
706 517 983 567 maravumvvvu
1010 516 1235 567 nouasrrcvar

312 705 486 765 bracchium
507 705 607 782 ipsum
629 711 707 763 certo
731 706 861 779 quodam
878 712 923 763 est
940 706 1085 781 pondere;
1109 705 1255 764 accedunt
1276 705 1436 781 gravitates
1457 707 1633 787 lamminae,

313 830 391 885 quae
414 811 506 867 affixa
528 814 587 887 est,
617 816 648 867 et
670 807 831 867 claviculae
854 827 922 866 cum
945 807 1163 885 aequipondio;
1190 809 1251 868 iam
1273 809 1300 868 si
1321 812 1428 869 harum
1450 812 1634 887 gravitatum

316 933 464 974 summam
493 910 746 991 computabimus,
777 912 896 988 pondus
925 910 1119 972 coniunctum
1146 913 1324 973 habebimus
1353 915 1476 990 aequale
1505 916 1637 992 ponderi

314 1017 438 1076 alterius
459 1015 590 1075 bracchii
606 1015 766 1075 coniuncto
782 1035 850 1074 cum
868 1015 964 1075 lancis
980 1024 1009 1075 et
1023 1015 1130 1075 mercis
1152 1018 1231 1076 lanci
1253 1018 1410 1095 impositae
1432 1018 1634 1094 gravitatibus

315 1118 395 1201 (nam
417 1123 454 1179 ab
476 1119 564 1178 initio
588 1118 759 1194 aequilibrii
781 1119 963 1196 positionem
984 1119 1226 1199 postulavimus).
1273 1124 1336 1181 Iam
1358 1122 1553 1182 manifestum
1576 1132 1631 1200 eat,

313 1246 373 1300 qua
395 1227 431 1283 de
454 1244 544 1283 causa
566 1225 650 1282 faber
670 1223 792 1282 brevius
813 1223 986 1282 bracchium
1001 1223 1033 1281 in
1048 1225 1175 1283 formam
1198 1224 1331 1300 cylindro
1354 1225 1482 1285 similem
1505 1246 1633 1300 eamque

314 1328 490 1388 crassiorem
512 1328 702 1404 produxerit:
725 1327 870 1387 brevioris
891 1326 1025 1386 bracchii
1046 1328 1222 1403 gravitatem
1236 1329 1298 1387 sere
1313 1330 1469 1404 aequalem
1491 1329 1634 1405 gravitati

313 1431 458 1508 longioris
473 1431 605 1490 bracchii
617 1452 684 1490 cum
699 1432 844 1490 lammina
855 1452 909 1491 sua
921 1431 1021 1490 effecit
1035 1438 1065 1491 et
1080 1439 1226 1506 quantum
1238 1431 1369 1508 spatium
1381 1435 1418 1491 ab
1434 1452 1469 1490 eo
1483 1432 1634 1508 longioris

314 1536 444 1595 bracchii
459 1544 580 1615 puncto,
603 1536 682 1594 inira
698 1538 779 1611 quod
801 1554 809 1594 1
831 1535 950 1614 legitur,
974 1554 1069 1610 usque
1086 1537 1124 1594 ad
1139 1544 1276 1595 centrum
1289 1536 1429 1614 pertinet
1452 1537 1633 1595 tantundem

314 1662 331 1699 a
353 1647 454 1699 centro
477 1641 515 1698 ad
536 1639 613 1697 illud
634 1640 779 1698 brevioris
800 1637 931 1698 bracchii
952 1646 1110 1716 punctum,
1140 1641 1221 1698 unde
1250 1639 1370 1698 lancula
1392 1659 1539 1716 suspensa
1561 1639 1631 1718 fuit,

314 1763 379 1803 esse
401 1744 505 1803 voluit.
552 1744 638 1806 Quae
660 1742 720 1801 nisi
747 1741 938 1821 providisset,
967 1742 1047 1801 scala
1074 1741 1274 1802 incisurarum
1304 1763 1338 1801 ac
1365 1750 1503 1802 notarum
1530 1744 1633 1802 tabula

314 1848 408 1907 multo
431 1848 619 1923 angustiores
641 1847 770 1922 ideoque
793 1846 893 1904 minus
916 1854 1001 1923 aptae
1025 1848 1062 1904 ad
1085 1845 1295 1920 quotidianum
1309 1866 1399 1903 usum
1415 1849 1509 1905 factae
1532 1855 1634 1906 essent

315 1948 398 2031 (haec
420 1949 502 2009 enim
523 1949 646 2027 physica
667 1949 784 2010 ratione
807 1949 894 2008 facile
917 1947 1176 2028 demonstrantur).
1219 1953 1267 2008 Ne
1289 1951 1392 2029 multa,
1414 1949 1551 2025 longiore
1574 1970 1634 2009 usu

315 2062 345 2114 et
367 2054 550 2131 experientia
574 2055 656 2113 faber
679 2056 803 2113 edoctus
826 2074 890 2112 esse
914 2053 1039 2132 videtur,
1069 2072 1216 2128 quaenam
1238 2073 1352 2112 massae
1376 2073 1484 2112 aeneae
1506 2053 1634 2130 eiusque

314 2157 456 2235 ponderis
479 2179 531 2234 per
554 2165 645 2216 totam
660 2156 804 2216 trutinam
820 2156 991 2216 distributio
1008 2156 1163 2233 aptissima
1178 2164 1258 2215 esset
1272 2159 1310 2215 ad
1328 2165 1466 2216 notarum
1488 2157 1633 2235 tabulam,

315 2282 374 2337 qua
396 2261 516 2338 singula
538 2261 681 2321 mercium
704 2261 736 2318 in
758 2261 843 2319 lance
865 2261 1030 2337 positarum
1050 2261 1184 2337 pondera
1205 2259 1417 2320 indicarentur.

401 2365 539 2439 Denique
562 2365 588 2423 si
610 2373 711 2443 notas,
735 2384 811 2440 quae
833 2363 866 2422 in
887 2363 1031 2424 lammina
1059 2370 1190 2443 exstant,
1221 2364 1344 2423 lineolis
1371 2363 1555 2441 interpositis
1588 2364 1636 2424 di·

316 2468 507 2547 stinguimus,
536 2478 571 2527 ut
598 2469 631 2527 in
658 2475 760 2527 nostra
790 2471 886 2544 figura
914 2470 1103 2546 factumest,
1133 2468 1330 2544 quadraginta
1351 2467 1511 2527 lamminae
1533 2476 1637 2544 partes

316 2580 472 2651 apparent,
503 2592 631 2648 quarum
652 2592 737 2631 suam
759 2592 894 2648 quaeque
917 2571 1080 2631 incisuram
1106 2571 1139 2630 in
1160 2572 1312 2650 superiore
1331 2572 1466 2648 margine
1486 2592 1636 2649 suamque

316 2677 416 2737 oneris
438 2676 471 2734 in
493 2677 579 2735 lance
602 2676 793 2753 appendendi
814 2675 1002 2736 notationem
1023 2675 1100 2752 gerit
1108 2674 1138 2755 ¹).

403 2800 568 2857 Dresdae
591 2818 629 2857 m.
653 2798 740 2856 Iunio
764 2818 789 2858 a.
817 2797 908 2856 1896.
1330 2799 1362 2857 F.
1379 2800 1542 2857 Hunrscrs.

654 3113 691 3169 V.
724 3111 890 3168 PLVMBO
912 3111 1129 3169 INSCRIPTA
1150 3130 1179 3188 p.
1201 3112 1291 3170 1002.

319 3261 385 3330 257
415 3266 572 3344 Emeritae,
596 3264 628 3323 in
651 3285 764 3344 museo,
788 3267 879 3325 tubus
901 3266 1069 3342 plumbeus.

950 3439 1000 3481 lMP

318 3581 410 3637 runo
434 3576 471 3656 (v.
490 3598 579 3653 supra
593 3597 621 3653 p.
641 3544 712 3657 acc)
732 3579 834 3653 p.213;
858 3577 928 3635 uae
950 3577 1017 3635 arta
1039 3577 1091 3636 aa
1109 3580 1142 3637 ue
1157 3580 1184 3636 a
1201 3577 1291 3639 Aeac.
1309 3581 1397 3638 xxv
1416 3581 1494 3638 racc
1512 3601 1541 3656 p.
1564 3585 1640 3643 144.

325 3747 396 3754 .--
408 3745 1013 3753 .-—-—--———.—-.-.-——-—·---..-....-..—
1088 3747 1107 3751 ..
1134 3748 1211 3752 —.-
1365 3748 1384 3752 ..
1408 3748 1450 3752 -
1485 3748 1502 3752 -
1546 3749 1568 3753 -
1579 3749 1609 3755 --

318 3757 1013 3766 —————-.———————---—-.-——
1083 3759 1116 3763 ...-
1134 3760 1202 3764 .--
1318 3760 1326 3765 -
1342 3760 1349 3765 -
1387 3759 1521 3765 -—--·—-
1542 3760 1609 3766 --

741 3875 822 3931 Vlll.
853 3875 1044 3932 TEGVLAE
1066 3895 1095 3950 p.
1116 3876 1206 3932 1004.

319 4052 347 4089 n.
374 4032 456 4089 6252
482 4031 520 4086 24
544 4028 620 4087 Ilici.
659 4029 759 4087 Ibarra
781 4028 873 4087 misit.

318 4216 419 4284 2581
453 4219 526 4298 Ilici,
550 4219 658 4278 litteris
681 4219 852 4294 grandibus.

933 4376 948 4416 a
968 4344 1021 4439 col

318 4485 417 4541 lbarra
439 4478 531 4537 misit.

390 4706 406 4766 ¹)
425 4700 541 4767 Singula
554 4700 641 4771 spatia
654 4699 710 4753 iore
725 4698 849 4769 aequalia
861 4698 1000 4753 delineata
1012 4704 1088 4765 sunt;
1101 4705 1130 4753 at
1141 4699 1164 4752 si
1176 4698 1239 4768 quis
1252 4705 1345 4753 nostra
1357 4706 1447 4753 aetate
1460 4699 1640 4758 mechanicus

319 4789 451 4843 trutinam
469 4787 612 4841 restituere
631 4789 659 4839 iu
678 4785 798 4840 animum
821 4785 969 4851 induxerit,
995 4803 1027 4838 ex
1046 4784 1141 4838 ordino
1167 4784 1320 4838 semunciae
1339 4803 1421 4851 onus,
1445 4792 1503 4839 tum
1528 4787 1638 4857 unciae,

319 4887 376 4931 tum
394 4875 499 4944 reliqua
517 4892 601 4928 onera
619 4889 706 4942 usque
725 4872 759 4925 ad
778 4871 890 4925 XXXX
907 4871 998 4942 pondo
1017 4872 1138 4942 imponet
1154 4869 1279 4926 lanculae
1298 4877 1326 4926 et
1343 4871 1379 4926 ad
1396 4890 1483 4926 unum
1506 4873 1639 4944 quodque

319 4979 390 5017 onus
414 4960 619 5015 convenientem
641 4958 819 5029 aequipondii
843 4957 932 5013 locum
955 4959 983 5011 in
1007 4957 1133 5026 longiore
1149 4958 1276 5012 bracchio
1294 4958 1444 5014 adnotabit.
1480 4958 1543 5018 Quo
1562 4959 1639 5016 laeto

321 5050 401 5103 ctiam
420 5049 544 5118 strigam,
563 5066 631 5117 quae
651 5047 679 5099 in
696 5045 819 5100 breviore
838 5052 903 5099 sunt
919 5045 1055 5113 bracchio,
1074 5045 1143 5099 ratio
1157 5047 1336 5099 demonstrari
1354 5046 1466 5116 poteria
1485 5063 1549 5100 nam
1566 5062 1639 5117 pou·

321 5138 415 5190 derum
434 5137 462 5190 in
480 5135 609 5190 lammina
627 5134 798 5189 notationem
810 5133 845 5186 ad
858 5151 943 5186 unum
960 5132 1085 5188 lanculae
1104 5133 1311 5203 suspendendae
1329 5132 1420 5188 locum
1437 5140 1529 5203 aptam
1546 5130 1639 5191 iuisu

321 5223 368 5275 vix
387 5228 429 5276 cst
447 5221 504 5276 veri
523 5222 624 5276 simile:
649 5220 717 5276 atsi
736 5219 853 5290 primum
871 5219 900 5274 iu
918 5219 1011 5290 aliqua
1029 5220 1128 5289 strigo,
1153 5238 1223 5290 quae
1240 5220 1354 5291 propius
1375 5224 1413 5289 G,
1437 5228 1497 5274 tum
1519 5218 1550 5275 in
1570 5216 1639 5291 alis,
