3472 5828
541 544 720 597 nvuonvu
746 542 1020 596 senovnsmvu.
1371 522 1443 594 253

118 717 306 792 aliquatenus
330 728 475 795 superest,
499 721 660 778 ostendunt
673 719 817 778 XVviros
837 719 874 776 de
893 717 972 776 ludis
993 718 1030 775 iis
1047 715 1168 774 edendis
1185 725 1318 774 senatum
1335 716 1445 775 adiisse

116 837 193 878 anno
217 819 413 896 praecedente
435 821 479 898 (p.
496 819 567 880 chr.
592 821 666 896 203)
688 823 764 879 inter
786 819 906 879 lan.12
931 830 960 878 et
982 821 1059 895 Aug.
1079 818 1130 889 123
1158 818 1194 876 de
1216 818 1296 876 ludis
1319 818 1446 895 Augusti

115 921 170 979 boc
193 931 307 980 tantum
331 941 369 980 ex
390 933 522 981 actorum
543 924 696 981 tertiorum
720 924 885 998 fragmento
909 922 1015 999 (supra
1037 941 1065 996 p.
1082 920 1156 994 245)
1179 922 1353 980 rescivimus
1376 923 1446 979 anni

114 1024 188 1095 eius,
211 1043 269 1099 quo
292 1025 354 1083 ludi
377 1025 517 1083 celebrati
540 1034 619 1094 suut,
641 1025 688 1083 die
704 1025 793 1083 Febr.
813 1026 848 1082 ll
873 1037 1007 1083 senatum
1030 1024 1065 1082 de
1088 1024 1213 1099 pecunia
1234 1024 1263 1080 in
1286 1024 1373 1082 ludos
1395 1041 1446 1081 eos

114 1125 313 1201 impendenda
332 1127 498 1185 consultum
519 1146 594 1185 esse.
616 1161 656 1170 —
678 1128 724 1185 De
740 1132 872 1203 ipsorum
889 1146 1040 1185 sacrorum
1056 1126 1251 1200 ludorumque
1266 1126 1370 1184 diebus
1386 1146 1445 1184 non

115 1227 209 1286 solum
233 1236 301 1287 acta
321 1242 425 1288 nostra
448 1231 625 1288 confirment
646 1230 725 1305 quod
747 1231 790 1287 ait
811 1229 949 1288 Zosimus
972 1237 1085 1287 aestate
1108 1229 1276 1287 saecularia
1297 1230 1447 1288 celebrata

115 1348 180 1389 esse
203 1327 294 1398 (nurci
317 1328 366 1402 τὴν
382 1323 517 1412 uipereor?
530 1321 658 1414 θέρους),
681 1333 711 1389 id
733 1333 812 1408 quod
834 1333 904 1390 item
927 1332 1082 1409 requirunt
1103 1332 1204 1407 fruges
1220 1331 1342 1403 divisae,
1364 1332 1444 1401 item,

115 1432 191 1507 quod
215 1432 293 1490 idem
317 1434 419 1502 refert,
446 1431 474 1488 ἒν
496 1422 578 1516 rprrbr
599 1423 713 1515 ἡμέραις
838 1424 884 1491 uei
906 1437 967 1495 ταῖς
988 1430 1064 1494 ἴσαις
1090 1427 1179 1512 regie,
1207 1433 1258 1491 sed
1282 1433 1370 1491 etiam
1393 1435 1444 1508 qui

115 1544 213 1592 essent
236 1535 300 1593 dies
323 1536 343 1593 ii
367 1536 577 1612 patefecerunt.
611 1537 756 1595 Triduum
779 1537 852 1594 illud
876 1545 922 1594 est
943 1536 1055 1595 dierum
1079 1537 1107 1593 k.
1123 1536 1187 1593 lun.
1212 1545 1240 1594 et
1261 1535 1326 1593 ΙΙΙΙ
1349 1545 1379 1593 et
1398 1535 1445 1591 ΙΙΙ

114 1655 181 1694 non.
198 1638 263 1695 Iun.
289 1663 325 1688 =
350 1639 414 1697 lun.
433 1641 457 1696 1.
480 1638 510 1695 2.
533 1638 606 1714 3¹),
634 1640 731 1714 primo
753 1640 800 1697 die
822 1641 982 1715 incipiente
1005 1640 1041 1697 ab
1063 1638 1175 1710 noctis,
1202 1657 1277 1713 quae
1301 1646 1347 1695 est
1368 1639 1445 1696 iuter

114 1738 183 1797 Mai.
203 1741 239 1798 31
265 1750 294 1798 et
316 1741 380 1799 Iun.
400 1744 426 1812 l,
449 1742 523 1799 hora
546 1741 688 1800 secunda:

115 1963 152 2003 ex
175 1944 318 2021 epistula:

140 2083 153 2121 t
197 2063 287 2140 [nocte
309 2066 390 2142 quo]i
411 2068 472 2125 (lies
493 2067 652 2143 inlucidcet
673 2069 701 2127 lc.
717 2068 795 2143 Iure]

116 2251 152 2290 ex
174 2233 288 2293 edicto:

128 2353 154 2391 ro
1095 2337 1127 2412 [a
1148 2347 1224 2395 noete
1245 2337 1290 2414 ea]

128 2456 153 2493 τι
197 2443 263 2513 quoi
284 2440 344 2497 dies
365 2442 510 2500 ieiueiecet
532 2441 559 2498 lc.
576 2439 744 2515 Humerum
773 2482 969 2500 ..........
999 2442 1040 2498 ad
1061 2459 1087 2497 u.
1112 2442 1140 2497 d.
1156 2439 1225 2516 III]

128 2555 154 2595 tt
194 2560 284 2600 nones
306 2541 372 2600 Iun.

116 2712 193 2764 acta:

128 2828 153 2866 so
194 2821 270 2869 nocte
291 2813 449 2887 insequenti
470 2811 636 2889 (praecedit
653 2817 734 2889 prid.
757 2814 783 2871 le.
800 2814 881 2889 luo.)
905 2817 934 2871 in
956 2832 1055 2889 campo
1076 2815 1117 2870 ad
1142 2811 1296 2888 Tib[eri·m].

197 3099 245 3159 De
267 3101 334 3160 loco
357 3120 508 3161 sacrorum
532 3111 744 3163 nocturnorum
767 3114 833 3162 acta
853 3105 925 3163 baec
948 3104 1069 3163 habeut:

129 3257 155 3295 so
198 3240 264 3296 vide
287 3257 385 3315 supra.

116 3359 153 3398 rua
195 3345 225 3397 in
249 3341 382 3416 tle[a]tro
405 3343 505 3417 liques,
527 3344 688 3418 quoderat
710 3335 936 3403 constituturum
959 3363 1057 3419 canapo
1079 3341 1257 3419 a[ecu]ndurn
1283 3343 1403 3401 Tiberim

116 3461 153 3500 115
198 3443 382 3502 addiderim

115 3563 153 3602 me
197 3546 236 3602 acl
261 3545 383 3603 Tiberim

115 3731 142 3770 v.
162 3713 229 3771 156.
249 3712 321 3771 157:

196 3818 224 3872 in
249 3817 358 3874 tleutro
383 3818 387 3892 l
413 3817 512 3892 lipneo,
535 3821 614 3894 quod
635 3831 674 3878 eet
696 3819 736 3876 ad
760 3818 891 3876 Tiberim.

197 4018 314 4095 Sibylla
343 4028 439 4079 autem
471 4041 557 4098 quem
588 4024 683 4082 locum
707 4024 850 4100 'designet
878 4023 979 4082 verbis
1008 4019 1034 4079 ἐν
1061 4015 1148 4098 πεδίῳ
1176 4016 1254 4104 παρὰ
1281 4011 1443 4104 Θόμβριδος

114 4111 238 4178 ἄπλετον
253 4114 336 4202 ὕδωρ,
360 4117 434 4194 ὅππῃ
457 4118 641 4192 στεινότατον,
658 4127 812 4203 ambigunt
832 4123 1060 4203 topographi2).
1095 4124 1158 4183 Alii
1174 4124 1309 4199 (Urlichs
1324 4125 1442 4184 Betcbr.

114 4225 200 4283 Rome
223 4225 280 4295 ΙΙΙ,
300 4226 315 4281 3
340 4246 368 4301 p.
386 4228 418 4296 ὃς
448 4230 516 4283 reim.
537 4229 658 4303 Topopr.
682 4232 711 4285 in
734 4228 853 4305 Letpeip
879 4248 906 4303 p.
923 4227 976 4303 96)
1003 4221 1178 4284 στεινότατον
1200 4228 1353 4304 iungentes
1376 4246 1442 4285 cum

114 4321 199 4399 πεδίῳ
217 4337 366 4384 verterunt
388 4324 428 4385 ‘in
444 4330 538 4404 campi
562 4343 645 4404 parte
662 4325 898 4405 augustissima',
920 4331 1048 4407 indeque
1063 4330 1226 4387 Tarentum
1244 4331 1334 4386 situm
1351 4329 1443 4386 luisse

114 4429 301 4486 crediderunt
324 4441 374 4487 aot
397 4431 451 4487 sub
475 4429 624 4505 Capitolio
654 4452 747 4507 prope
769 4433 865 4490 sorum
889 4432 1038 4502 boarium,
1067 4443 1117 4490 aut
1139 4434 1192 4490 sub
1215 4432 1319 4489 Pincio
1344 4440 1442 4489 moute

114 4550 205 4606 prope
235 4533 416 4590 mausoleum
446 4535 574 4610 Augusti
609 4533 741 4608 (Becker
768 4546 882 4611 topogr.
908 4554 935 4611 p.
955 4535 1049 4611 628),
1083 4534 1135 4592 alii
1171 4534 1221 4607 (ut
1247 4534 1362 4592 Preller
1388 4534 1443 4590 Be·

111 4637 213 4708 plener
242 4655 268 4710 p.
294 4634 366 4703 241,
397 4636 442 4691 cui
473 4637 598 4710 praeivit
627 4637 668 4692 lo.
692 4637 731 4693 lt.
751 4636 868 4696 Gesner
889 4638 930 4715 ¹de
957 4638 1043 4695 annis
1073 4637 1210 4711 ludisque
1239 4635 1441 4695 saecularibus

194 4866 215 4927 ¹)
247 4868 310 4916 Dies
335 4869 412 4931 igitur
438 4868 555 4917 ludorum
580 4869 748 4920 saecularium
775 4871 838 4920 nibil
866 4887 1000 4920 commune
1025 4869 1122 4920 habent
1145 4886 1202 4921 eum
1227 4871 1268 4919 die
1293 4869 1442 4919 tribuniciae

117 4962 248 5023 potestatis
269 4962 385 5023 Angusto
408 4962 554 5023 permissae,
580 4973 667 5011 eontra
688 4978 763 5026 quam
783 4964 890 5012 eonieeit
910 4963 970 5013 Otto
991 4962 1137 5012 Hirschfeld
1157 4963 1174 5011 l.
1189 4978 1210 5012 o.
1231 4980 1255 5028 p.
1272 4964 1332 5012 104.
1365 4962 1442 5014 Seve-

116 5053 181 5100 riani
202 5053 253 5099 ludi
275 5053 365 5115 quibos
386 5053 475 5102 (liebus
495 5055 554 5102 facti
575 5056 632 5114 sint,
655 5070 685 5103 ex
707 5055 821 5119 reliquiis
842 5064 956 5105 actorum
976 5056 1114 5105 alterorum
1136 5071 1186 5104 uon
1206 5055 1367 5119 perspicitur3
1392 5054 1442 5104 boc

117 5154 223 5208 apparet
242 5156 285 5193 aut
305 5147 395 5194 iisdem
417 5147 506 5194 diebus
527 5162 570 5196 eos
590 5147 731 5197 celebratos
752 5163 806 5197 osae
826 5157 869 5197 aut
888 5150 1019 5214 proximis.

194 5235 218 5298 ²¹)
249 5238 321 5297 Quae
342 5248 488 5302 sequuntur,
510 5239 591 5289 debeo
610 5241 740 5290 lluelseno
760 5241 887 5306 discipulo
907 5242 1045 5306 quendam,
1065 5243 1117 5292 iem
1136 5242 1227 5293 amico.
