3472 5828
668 568 754 619 vrarr
780 568 1067 620 rasmcorvnnsrs
1448 549 1522 621 453

207 757 344 817 translati
366 763 445 836 sunt,
470 777 486 815 a
511 776 558 815 me
581 755 709 815 conferri
731 757 892 835 potuerint,
916 756 1038 834 plurimi
1058 777 1128 816 vero
1143 756 1176 817 in
1192 756 1305 835 campis
1320 767 1350 818 et
1367 759 1521 819 montibus

207 861 302 939 sparsi
323 862 445 921 lateant.
490 862 540 920 Ad
561 861 694 920 laborem
719 863 800 921 hunc
828 861 981 921 difficilem
1008 882 1080 921 sane
1101 870 1132 922 et
1157 861 1333 922 diuturnum
1354 862 1522 942 suscipien-

208 967 279 1025 dum
302 965 355 1042 qui
377 985 409 1026 se
432 967 598 1043 accingeret
624 963 765 1025 inventus
788 974 833 1026 est
853 969 885 1026 P.
902 965 1052 1027 Martinus
1075 967 1209 1047 Capella,
1239 969 1392 1045 presbyter
1413 970 1521 1028 Braca-

207 1069 313 1150 reneis,
348 1071 498 1148 professor
530 1069 608 1146 lycei
629 1070 821 1130 Viannensis.
867 1072 946 1130 Nam
975 1091 1042 1129 cum
1070 1070 1102 1130 in
1131 1071 1305 1148 regionibus
1338 1071 1400 1132 illis
1432 1082 1521 1133 natus

207 1184 237 1234 et
266 1175 336 1234 inde
369 1197 386 1232 a
419 1172 548 1252 pueritia
582 1179 717 1233 versatus
748 1181 809 1233 tam
841 1183 961 1253 propter
994 1176 1093 1234 officia
1124 1176 1325 1236 ecclesiastiea
1357 1197 1447 1253 quam
1482 1179 1520 1237 ob

206 1279 319 1356 patriae
350 1278 537 1354 antiquitatis
568 1298 699 1337 amorem
727 1279 793 1338 loea
819 1280 884 1355 ipsa
912 1288 942 1338 et
970 1278 1108 1339 homines
1135 1299 1237 1339 eorum
1264 1300 1373 1357 gnaros
1399 1281 1520 1359 penitus

206 1384 352 1462 novisset,
385 1405 402 1442 a
429 1384 587 1443 Francisoo
620 1384 747 1442 Martius
780 1387 936 1443 Sarmenta
966 1385 1133 1444 studiorum
1162 1383 1227 1444 eius
1256 1384 1375 1459 generis
1404 1388 1520 1445 fautore

206 1496 327 1548 strenuo
351 1487 540 1547 institutione
563 1487 715 1547 doctrinae
738 1496 768 1547 et
788 1487 884 1567 libris,
908 1489 1039 1564 quibua
1062 1488 1191 1567 iaciunt,
1214 1488 1378 1548 liberaliter
1400 1489 1521 1549 adiutus

206 1593 297 1652 etiam
319 1591 363 1651 rei
385 1592 592 1669 epigrapbicae
606 1591 730 1651 Latinae
746 1591 846 1650 studio
869 1590 1021 1652 indefesso
1041 1593 1131 1652 talem
1146 1592 1205 1651 sibi
1226 1593 1341 1669 paravit
1355 1591 1518 1670 scientiam,

206 1705 240 1755 ut
261 1699 392 1756 fructum
413 1696 525 1755 laboris
546 1716 599 1772 per
621 1697 732 1755 multos
755 1715 850 1756 annos
878 1697 1019 1774 protracti
1045 1699 1165 1756 tandem
1191 1697 1305 1773 publici
1325 1696 1400 1756 iuris
1423 1699 1519 1756 faeere

205 1808 306 1878 posset
328 1801 407 1858 edito
434 1821 529 1877 nuper
550 1799 627 1859 libro
651 1820 705 1858 suo
730 1800 888 1871 Milliarsss'os
910 1802 945 1858 do
967 1802 1141 1860 Conventus
1164 1802 1455 1877 Bracaraugustanus
1478 1822 1520 1860 em

205 1904 352 1983 Portapal,
377 1904 508 1983 reliquias
530 1903 728 1983 d'ept'prapbrir
751 1924 880 1983 rontano,
911 1904 1087 1965 traslududoe
1108 1905 1157 1963 dos
1174 1905 1310 1983 proprios
1331 1913 1520 1964 monumentor

205 2007 304 2089 (Porto
332 2012 421 2086 1895,
446 2030 494 2085 pp.
513 2011 573 2068 272
600 2006 653 2090 8.).
698 2009 823 2068 Librum
845 2012 940 2089 bunc,
964 2016 1053 2085 quem
1075 2009 1226 2086 expectari
1252 2009 1316 2069 dixi
1337 2010 1370 2068 in
1392 2011 1520 2088 Supple-

205 2120 306 2172 mento
334 2109 373 2193 (p.
398 2110 482 2191 995),
517 2113 560 2171 ita
589 2112 647 2172 sibi
678 2114 802 2191 putabat
830 2112 1021 2173 scribendum
1048 2120 1127 2191 esse,
1162 2120 1196 2173 ut
1226 2113 1427 2173 conterraneis
1457 2114 1520 2173 suis

205 2217 352 2276 auxilium
376 2219 466 2276 ferret
487 2219 525 2276 ad
547 2216 648 2276 studia
669 2217 824 2291 dirigende
851 2216 884 2275 iu
913 2215 1026 2293 patriae
1049 2216 1237 2293 antiquitatis
1258 2217 1414 2277 universae
1437 2217 1520 2277 etin

205 2321 320 2380 viarum
342 2321 532 2398 potissimum
547 2324 750 2380 Romanarum
772 2319 1042 2398 investigationem.
1081 2322 1168 2381 Unde
1191 2321 1343 2399 praemisit
1358 2322 1521 2382 enarratio·

205 2446 274 2484 nem
289 2426 560 2502 peregrinationum
575 2425 786 2504 frequentium,
810 2425 921 2501 quibus
935 2424 1051 2485 viarum
1066 2424 1256 2501 antiquarum
1274 2425 1519 2485 tractus'assidue

204 2538 324 2589 secutus
339 2528 484 2588 miliarios
498 2530 594 2590 adbuc
610 2528 784 2607 superstites
806 2529 969 2609 indagavit,
993 2528 1203 2607 inscriptiones
1218 2551 1321 2590 eorum
1339 2530 1521 2590 examinavit

205 2643 234 2692 et
257 2634 395 2712 correxit,
419 2633 524 2692 titulos
540 2653 633 2693 novos
648 2632 772 2693 invenit.
811 2634 1017 2694 Emendantur
1030 2633 1313 2709 investigationibus
1327 2633 1389 2696 illis
1408 2634 1520 2712 passim

204 2760 280 2814 quae
309 2760 346 2797 ex
375 2738 547 2801 auctoribus
574 2737 693 2814 Argotii
720 2739 896 2815 plerumque
923 2738 982 2797 fide
1011 2737 1111 2815 dignis
1140 2746 1169 2798 et
1195 2739 1340 2799 aoeuratis
1370 2746 1459 2815 atque
1483 2761 1519 2799 ex

205 2845 312 2902 Barros
335 2841 435 2901 Sibelo
463 2841 596 2901 hominis
624 2842 756 2919 Hispani
783 2863 873 2920 opera
900 2842 1096 2902 tumultuaria
1118 2850 1148 2901 et
1174 2843 1347 2922 neglegenti
1368 2864 1424 2918 ego
1447 2844 1518 2902 olim

204 2946 340 3024 Kieperti
365 2947 472 3023 peritia
504 2946 626 3006 adiutus
659 2949 695 3006 de
727 2947 914 3026 singularum
941 2949 1056 3006 viarum
1091 2967 1251 3025 progressu
1279 2956 1308 3007 et
1338 2948 1520 3009 stationibus

205 3051 367 3112 enucleavi.
405 3053 440 3110 ld
462 3071 557 3110 unum
580 3053 716 3112 dolemus
738 3053 819 3127 quod
841 3051 912 3112 huic
934 3051 1005 3111 libri
1027 3051 1092 3110 eius
1114 3051 1193 3128 parti
1214 3050 1394 3112 utilissimae
1415 3059 1445 3111 et
1466 3054 1519 3112 ad-

203 3158 324 3215 modum
339 3156 497 3234 iueundae,
514 3176 694 3232 quamquam
709 3157 844 3216 locorum
858 3155 1057 3215 indicationes
1076 3156 1183 3233 plenae
1198 3161 1269 3215 sunt
1284 3163 1315 3216 et
1334 3156 1517 3234 perspicuae,

203 3282 311 3339 mappa
332 3260 530 3338 geographica
557 3261 651 3339 perite
673 3260 822 3321 delineata
845 3263 941 3341 deest,
970 3262 1090 3338 qualem
1117 3280 1178 3319 non
1200 3236 1374 3337 ignoramus
1396 3260 1519 3321 difficile

203 3366 301 3443 parari
323 3386 411 3442 posse
434 3366 471 3424 ab
493 3366 614 3425 homine
636 3365 750 3443 privato
774 3386 871 3441 neque
895 3365 927 3424 iu
942 3373 1005 3425 arte
1021 3386 1056 3424 ea
1070 3363 1256 3425 exercitato..
1280 3363 1428 3425 Miliarios
1449 3385 1518 3453 vero

203 3470 285 3548 ipsos
314 3469 356 3529 ita
387 3470 534 3528 enarravit
564 3469 700 3548 scriptor,
731 3477 766 3528 ut
793 3471 830 3528 de
859 3470 919 3529 vita
948 3469 1137 3546 singulorum
1158 3468 1370 3547 imperatorum
1399 3471 1518 3529 brevem

203 3582 396 3651 conspectum
418 3574 634 3652 praemitteret,
663 3573 771 3632 deinde
799 3583 966 3650 temporum
992 3572 1127 3633 ordinem
1150 3581 1270 3632 secutus
1293 3573 1429 3651 singulos
1449 3593 1518 3651 pro-

202 3687 326 3756 poneret
348 3685 378 3736 et
401 3678 570 3755 explicaret.
616 3680 690 3757 Ego,
713 3684 748 3736 ut
770 3698 823 3754 par
846 3684 900 3756 est,
924 3676 957 3736 in
978 3678 1113 3737 locorum
1135 3677 1271 3737 ordinem
1293 3677 1402 3755 redegi.

288 3803 313 3859 E
337 3799 475 3859 miliariis
498 3799 630 3875 quinque
653 3799 768 3858 viarum
791 3800 910 3858 illarum
933 3800 1057 3858 CLXVI
1084 3799 1153 3876 plus
1180 3798 1281 3859 minus
1308 3800 1405 3859 adhuc
1427 3797 1515 3876 notis,

204 3925 279 3981 quos
294 3904 375 3962 edidi
390 3903 422 3962 in
438 3904 570 3981 eorporis
586 3903 736 3962 volumine
758 3905 787 3962 Π
811 3913 840 3963 et
862 3904 894 3962 in
917 3904 1126 3980 supplemento
1143 3902 1218 3983 eius,
1242 3903 1373 3981 Capella,
1398 3902 1517 3962 sirecte

202 4009 381 4087 computavi,
404 4010 534 4068 LXXVI
555 4010 654 4066 denuo
674 4008 833 4084 indagavit.
872 4010 907 4066 In
923 4007 1033 4083 quibus
1048 4008 1150 4067 decem
1165 4013 1235 4067 sunt
1255 4015 1343 4066 autea
1364 4012 1425 4065 tam
1439 4006 1517 4065 male

201 4114 271 4172 lecti
293 4119 322 4170 et
343 4112 492 4190 descripti,
518 4119 551 4170 ut
573 4112 722 4171 emendati
745 4113 844 4171 denuo
866 4111 1056 4189 proponendi
1078 4111 1199 4171 fuerint.
1241 4111 1304 4175 Qui
1325 4118 1438 4170 restant
1460 4109 1518 4169 cir·

202 4216 273 4275 citer
295 4219 349 4274 XC
372 4225 423 4274 aut
446 4218 579 4275 nondum
601 4217 709 4292 roperti
736 4223 807 4274 suut
836 4222 888 4275 aut
917 4215 1096 4275 interierunt
1121 4215 1308 4291 neglegentia
1330 4222 1359 4273 et
1382 4213 1518 4274 socordia

201 4321 377 4398 incolarum,
401 4341 490 4395 quam
507 4321 629 4397 Capella
651 4328 681 4379 et
703 4319 858 4395 castigavit
881 4340 981 4379 severe
996 4326 1026 4378 et
1044 4319 1124 4377 idem
1146 4318 1338 4397 indulgenter
1353 4318 1516 4397 excusavit,

203 4432 254 4483 aut
276 4424 406 4499 denique
430 4423 587 4483 extantia
614 4423 786 4498 regionibus
816 4430 898 4483 extra
925 4423 1125 4498 Portugalliae
1152 4424 1226 4481 fines
1256 4422 1334 4502 sitis,
1365 4443 1439 4497 quaa
1464 4422 1517 4481 ille
1548 4495 1556 4510 ·

201 4549 262 4587 uon
286 4528 368 4587 adiit.
414 4528 495 4586 Novi
517 4536 705 4587 accesserunt
727 4530 859 4606 XXXII,
891 4548 906 4585 e
929 4527 1039 4603 quibus
1066 4526 1174 4604 viginti
1200 4546 1294 4604 paene
1316 4526 1425 4603 integri
1447 4534 1518 4585 sunt

202 4618 231 4691 et
253 4634 349 4691 bonae
372 4630 482 4708 frugis,
506 4631 613 4706 reliqui
636 4634 801 4706 fragmenta
823 4638 893 4690 sunt
914 4630 1015 4690 minus
1037 4628 1132 4689 utilia.
1171 4632 1206 4688 In
1221 4633 1348 4689 Bracara
1370 4629 1436 4707 ipsa
1457 4630 1517 4689 iam

202 4736 283 4795 notis
306 4736 435 4795 addendi
457 4745 542 4794 erant
564 4736 635 4795 novi
650 4735 808 4794 duodecim
826 4736 858 4793 in
873 4734 963 4794 variis
978 4734 1082 4812 oppidi
1104 4733 1239 4811 partibus
1262 4733 1373 4793 detecti
1395 4742 1425 4793 et
1448 4754 1516 4793 cum

200 4841 325 4916 reliquis
340 4840 400 4898 iam
418 4841 545 4916 expositi
567 4840 685 4917 publice
707 4839 739 4898 in
760 4841 898 4916 querceto
921 4836 948 4921 (b
965 4838 1140 4918 parastados
1153 4834 1369 4919 Caruolhct'raa).
1404 4841 1516 4897 Eorum

200 4948 259 5005 duo
288 4952 384 5004 tresve
420 4945 564 5004 debentur
593 4946 712 5002 Albano
741 4944 856 5003 Bellino
886 4943 1021 5022 scriptori
1050 4942 1236 5020 Bracarensi,
1270 4944 1306 5001 de
1337 4963 1396 5018 quo
1427 4962 1516 5019 supra

200 5048 265 5108 dixi
286 5071 315 5126 p.
332 5052 410 5125 4013
433 5068 470 5106 en
493 5048 545 5126 eis,
570 5047 622 5122 qui
644 5047 806 5125 pertinent
817 5050 855 5106 ad
877 5048 955 5107 viam
977 5049 1103 5106 Bracara
1125 5050 1246 5106 Portum
1269 5043 1351 5127 (Cap.
1372 5042 1411 5127 Ι),
1440 5067 1516 5105 non·

199 5154 299 5212 nullos
321 5152 513 5231 indagaverat
534 5151 595 5211 iam
610 5154 776 5229 Sarmento,
800 5150 852 5227 qui
868 5151 1062 5226 antiquitates
1077 5151 1188 5227 patrias
1203 5170 1306 5208 omnes
1328 5149 1393 5227 pari
1415 5149 1515 5209 studio

201 5255 397 5335 amplectitur.
443 5258 574 5335 Operam
599 5257 736 5316 nandum
763 5255 931 5314 absolutam
959 5275 1023 5314 esse
1053 5255 1175 5331 Capella
1204 5253 1249 5312 vir
1278 5253 1515 5313 modestissimus
