3472 5828
786 509 941 558 anrlcn

1024 607 1528 617 ..—...—---——--—-

682 732 734 790 w.
759 729 902 788 curuo
923 749 953 805 p.
971 730 1043 788 sis.

288 889 335 946 De
358 883 572 945 effossionibus
588 886 735 944 Carmone
751 891 781 943 et
795 888 893 944 Arvee
917 882 955 964 (Π
970 904 999 962 p.
1018 879 1091 965 837)
1117 884 1266 944 institutis
1287 884 1406 945 rettulit
1429 885 1534 962 Engel

207 990 352 1072 (Rapport
371 1011 401 1068 p.
419 991 458 1049 38
471 1009 506 1067 s.,
531 990 568 1048 cf.
592 1008 681 1066 supra
703 1008 731 1065 p.
750 987 838 1066 380ss
860 987 942 1048 tituli
964 989 1036 1049 nori
1057 988 1128 1049 inde
1151 1007 1212 1047 non
1235 987 1424 1066 prodierunt.

206 1167 236 1206 n.
265 1147 344 1204 1389
378 1147 414 1204 ln
440 1144 529 1204 titulo
555 1145 613 1202 hoc
634 1150 751 1220 reperto
774 1143 807 1201 in
830 1144 952 1202 Fortiter
972 1144 1038 1203 rico
1065 1163 1157 1222 prope
1180 1146 1358 1204 Carmonem
1380 1165 1408 1204 v.
1430 1145 1450 1203 3
1475 1164 1531 1221 pro

249 1265 406 1311 rorocou
424 1279 431 1292 ·
454 1241 459 1330 Ι
480 1263 581 1307 curro
604 1248 685 1321 quod
707 1247 850 1306 traditum
865 1256 911 1307 est
926 1267 994 1306 cum
1009 1247 1082 1307 olim
1097 1264 1183 1308 roro
1203 1278 1210 1293 ·
1228 1263 1293 1308 occ
1311 1278 1318 1293 ·
1337 1267 1356 1307 Α
1373 1244 1497 1327 (occisus
1511 1268 1532 1306 c

248 1348 412 1433 tctrombor)
428 1350 615 1429 propositum
630 1357 718 1429 esset,
734 1370 829 1429 nuper
845 1352 1033 1412 osvcorenrr‘
1053 1350 1182 1411 coniecit
1200 1351 1276 1431 Fita,
1298 1351 1370 1427 quia
1385 1353 1532 1412 Obucula

247 1455 393 1517 itinerarii
415 1451 454 1536 (p.
471 1456 543 1534 413,
561 1455 589 1512 2.
615 1456 687 1532 414,
705 1452 735 1533 3)
759 1455 909 1530 quaeritur
930 1455 963 1513 in
991 1457 1020 1514 tc
1043 1455 1180 1516 Moncloa
1200 1454 1265 1514 vico
1289 1464 1319 1515 et
1340 1455 1408 1533 ipso
1432 1476 1530 1535 prope

247 1561 314 1622 sito.
353 1561 413 1620 Sed
428 1578 502 1634 quas
516 1559 661 1634 Iosephus
677 1559 842 1634 Veluzquen
864 1558 940 1618 vidit
959 1567 990 1618 et
1012 1559 1169 1637 descripsit
1189 1558 1403 1637 inscriptiones
1427 1559 1531 1619 solent

247 1664 413 1743 descriptae
436 1682 501 1722 csse
523 1668 667 1720 accurate.
713 1664 748 1721 In
769 1678 941 1723 rorocorr·
971 1664 1070 1723 inesse
1098 1670 1171 1740 puto
1201 1679 1328 1747 ronoco
1355 1682 1529 1740 cognomen

246 1769 393 1830 Ibericum
413 1773 443 1826 et
464 1785 497 1845 rr,
520 1786 666 1845 annorum,
690 1768 771 1841 quod
790 1767 920 1843 pertinet
938 1769 976 1826 ed
996 1787 1154 1826 numerum
1173 1787 1320 1827 annorum
1340 1769 1528 1828 collocatum

248 1873 280 1931 in
302 1892 391 1931 versu
412 1869 555 1929 inferiore
578 1876 608 1927 et
629 1867 716 1945 signo
741 1866 799 1950 (X),
823 1872 905 1945 quod
926 1869 1017 1929 etiam
1038 1869 1111 1929 alibi
1133 1870 1176 1929 ita
1197 1871 1368 1951 adhibetur,
1395 1872 1530 1932 relatum

247 1978 285 2035 ad
312 1974 504 2053 superiorem.
550 1970 641 2031 Latro
671 1974 751 2047 qnod
781 1973 892 2033 dicitur
924 1974 957 2034 0.
980 1974 1112 2034 Mcclrirr
1142 1974 1194 2036 Cn.
1215 1978 1248 2055 s.
1271 1972 1392 2056 Sericis)
1426 1975 1531 2036 Yoloco

246 2100 317 2139 sane
341 2077 479 2154 offendit,
511 2096 670 2152 quamqam
699 2077 775 2137 latro
802 2077 834 2137 in
863 2097 999 2138 sermone
1025 2078 1187 2138 vetustiore
1215 2079 1364 2156 significat
1390 2099 1532 2139 mercen·

249 2182 376 2242 nerium.
422 2180 512 2241 Latro
534 2188 587 2239 eut
608 2199 720 2240 nomen
742 2187 788 2241 est
809 2181 875 2242 eius
897 2182 950 2258 qni
972 2182 1095 2243 titulum
1123 2182 1238 2262 posuit,
1270 2190 1321 2241 aut
1343 2183 1370 2241 si
1395 2183 1532 2243 Tolccum

246 2285 356 2344 Manlii
378 2285 476 2363 petria
498 2294 569 2365 erat,
592 2284 684 2345 huius
707 2304 882 2361 cognomen.

205 2392 290 2449 5120
316 2387 355 2468 (p.
371 2383 465 2468 XLII]
489 2391 526 2455 ¹V.
544 2392 626 2449 6-3
649 2408 703 2467 pro
729 2386 915 2470 [pontis(s'cr]]
939 2411 1085 2451 rccronrm
1101 2391 1280 2470 pullicorum
1301 2390 1528 2470 municipatim,

249 2492 330 2569 quod
353 2492 503 2572 supplevi,
532 2493 633 2569 potius
650 2492 769 2571 flamini
789 2513 810 2551 s.
831 2516 864 2572 p.
887 2514 924 2553 m.
949 2494 1141 2554 scribendum
1167 2515 1233 2554 esse
1259 2494 1376 2554 censuit
1397 2496 1532 2554 Krasre·

248 2595 405 2655 ninnikow
434 2595 479 2655 vir
507 2597 613 2656 doctus
640 2598 757 2656 Russus
784 2597 815 2656 in
843 2597 1052 2657 dissertatione
1073 2599 1200 2657 Russice
1229 2598 1339 2676 scripta
1367 2599 1404 2658 de
1427 2618 1532 2658 sacer-

250 2699 371 2759 dotibus
393 2698 626 2776 municipalibus
647 2699 794 2759 Romanis
815 2701 972 2777 utriusque
987 2721 1085 2761 sexus.
1124 2702 1216 2766 Quod
1232 2701 1369 2779 probavit
1382 2703 1438 2761 Tb.
1457 2702 1532 2761 Zie-

249 2802 344 2863 linslri
365 2802 396 2861 in
420 2802 577 2881 Philologo
599 2804 657 2862 vol.
677 2804 702 2862 L
728 2806 807 2864 1891
832 2826 861 2883 p.
880 2807 951 2885 763,
975 2805 1028 2882 qui
1050 2812 1150 2864 tamen
1171 2806 1382 2881 munrbr'pctiam
1402 2804 1532 2866 tolereri

249 2926 337 2984 posse
359 2911 448 2982 neget
476 2916 505 2965 et
533 2927 587 2984 pro
618 2923 839 2968 mvnrcrrsuvrr
862 2908 1070 2989 corrigendum
1092 2917 1194 2970 censet
1216 2926 1341 2970 rrvrucrs
1355 2941 1362 2956 ·
1376 2928 1434 2970 Ans
1449 2941 1457 2956 ·
1473 2928 1528 2970 vr.

250 3012 329 3069 Nam
352 3011 433 3085 quod
454 3031 481 3069 v.
499 3013 527 3070 2.
547 3012 563 3068 3
588 3011 715 3071 traditur
729 3028 825 3072 vuvrr
843 3004 849 3093 Ι
869 3029 914 3071 rrv
929 3044 935 3056 ·
951 3030 1064 3092 v·n1s,
1087 3033 1167 3073 ame
1183 3022 1347 3073 correctum
1361 3014 1394 3072 in
1410 3031 1528 3074 uuvru·

250 3131 273 3172 re
288 3144 296 3158 ·
311 3131 343 3192 rc,
368 3113 440 3171 item
461 3117 549 3191 putat
571 3113 739 3191 significare
761 3114 841 3173 1111
858 3116 903 3174 cir
923 3115 1089 3197 m(urrs'cs'pr'i)
1112 3114 1263 3197 Aliensis)
1288 3114 1528 3198 Ubycvmrmr's).

250 3218 317 3293 Ipse
346 3216 426 3274 enim
452 3216 485 3276 in
514 3217 603 3276 titulo
632 3217 725 3276 simili
754 3221 962 3294 Urgauonensi
991 3240 1021 3279 n.
1045 3222 1127 3279 2105
1158 3242 1211 3297 pro
1234 3238 1456 3281 mvnrcrreuvrr
1479 3223 1531 3281 vel

250 3337 425 3399 revrsicirsn,
457 3323 538 3396 quod
567 3322 746 3400 tradebatur,
775 3321 910 3382 indicavi
939 3323 970 3381 in
1007 3323 1106 3400 lapide
1129 3344 1193 3382 esse
1216 3341 1530 3384 MVN1c1P·ALtt-vtt.

253 3427 366 3482 Tamen
393 3424 444 3482 vix
471 3424 576 3483 licebit
602 3424 809 3499 magistratum
836 3434 865 3485 et
891 3428 1076 3486 sacerdotem
1098 3431 1341 3503 Urgavonensem
1365 3430 1531 3487 transferre

251 3530 441 3606 Carmonem,
479 3549 496 3585 a
526 3549 584 3602 qus
612 3531 733 3603 Urgavo
762 3530 852 3605 longe
886 3530 990 3606 distat3
1030 3551 1126 3606 neque
1164 3533 1260 3589 adbuc
1293 3531 1435 3606 intellego
1475 3552 1531 3590 cur

253 3632 375 3690 omnino
403 3630 464 3691 dici
492 3652 552 3689 non
581 3632 700 3708 possint
722 3653 805 3691 sacra
827 3633 948 3710 publica
970 3634 1126 3711 municipii
1149 3634 1276 3693 alicuius
1299 3655 1381 3694 sacra
1403 3636 1531 3711 publica

252 3735 459 3812 municipalia,
484 3736 564 3809 quod
586 3735 638 3792 ille
661 3743 758 3810 negat.

841 3856 1100 3865 ffl---a—
1108 3859 1115 3865 .

208 3920 339 3988 95-97
362 3928 508 3983 Carmone
525 3945 540 3981 e
555 3925 707 4001 necropoli
727 3927 909 4004 suburbana,
933 3930 969 3986 dc
986 3950 1043 4003 qua
1058 3930 1122 3987 dixi
1138 3937 1234 4007 antea,
1258 3938 1316 3988 tros
1339 3928 1419 3986 tituli
1442 3931 1533 4006 parvi

251 4028 426 4106 prodierunt
448 4027 582 4086 eiusdem
605 4031 667 4087 fere
688 4030 806 4105 generis
829 4040 917 4105 atque
939 4031 999 4090 iem
1021 4032 1086 4090 noti
1110 4029 1149 4111 (n.
1173 4034 1409 4105 5423—5429).
1456 4037 1532 4093 Duo

250 4133 328 4191 inter
351 4131 543 4209 antiquiores,
568 4131 587 4189 i.
606 4151 630 4189 e.
655 4152 730 4190 saec.
747 4134 770 4208 Ι,
795 4135 980 4192 numerandi,

297 4237 335 4293 95
359 4234 391 4291 in
414 4254 490 4292 urna
512 4234 638 4313 lapidee,
662 4235 771 4295 litteris
794 4236 920 4295 cursivis
942 4237 1009 4296 altis
1032 4259 1070 4297 m.
1090 4242 1193 4298 0.035.

803 4392 930 4434 ΔῊΠΜΙ

255 4493 371 4552 Atittce.
413 4494 530 4550 Nomen
552 4492 630 4552 redit
652 4496 680 4551 11
707 4496 797 4554 1087.

298 4599 338 4654 96
360 4596 392 4653 in
415 4615 490 4654 urna
511 4595 604 4656 simili
626 4595 739 4656 eisdem
761 4607 795 4656 ut
816 4621 835 4658 c
857 4599 965 4660 litteris

777 4755 953 4802 cortou

776 4856 953 4900 vm·an

257 4973 366 5052 Gallae,
390 4969 490 5051 oic(ss't)
514 4970 637 5056 oc(num)
664 4971 804 5056 Manum)

298 5078 335 5134 97
360 5076 392 5134 in
418 5076 518 5153 lapide
546 5079 606 5138 alto
629 5099 667 5138 m.
695 5084 777 5159 ott,
808 5083 868 5140 luto
894 5085 977 5161 0.21,
1001 5081 1108 5141 litteris
1134 5105 1209 5157 quac
1238 5083 1326 5160 pictis
1355 5085 1532 5149 simillimus

253 5187 333 5259 sunt,
356 5179 424 5238 altis
446 5200 485 5239 m.
511 5184 614 5243 0.025.
