3472 5828
348 492 422 563 488
739 513 1017 564 rnsruvunurvu
1043 512 1268 564 nouasrrcvu

347 695 410 763 261
431 704 445 760 1
479 700 555 761 Ilici.
995 720 1015 759 s
1220 702 1322 759 Ibarra
1343 700 1434 760 misit.
1473 702 1520 760 Cf.
1540 703 1667 761 62561.

967 951 1044 1003 aa&

347 998 365 1054 2
397 994 472 1054 Ilici.
980 1036 1016 1069 ο,
1605 1048 1613 1062 .
1634 1047 1642 1063 .

967 1064 1040 1137 egr
1442 1049 1547 1108 Ibana
1570 1058 1666 1108 misit.

348 1293 365 1349 3
396 1290 472 1350 Ilici.
1442 1294 1547 1351 Ibarra
1570 1293 1666 1352 misit.

348 1503 365 1558 4
405 1501 586 1579 Villcfrcaca
608 1502 641 1559 de
663 1501 706 1559 loa
728 1504 847 1562 Barros.

984 1643 1025 1684 Ga

346 1797 413 1855 Fita
435 1798 488 1856 tol.
512 1799 545 1856 de
566 1798 596 1856 la
619 1797 709 1858 Acad.
734 1800 822 1857 XXV
848 1801 929 1859 1894
953 1819 981 1875 p.
1001 1802 1050 1877 57,
1069 1802 1118 1858 23.

349 1975 366 2030 5
398 1971 473 2030 Ilici.

936 2077 954 2119 C
971 2078 1001 2119 lV
1016 2077 1082 2119 MAR

344 2217 446 2273 Ibarra
468 2214 559 2274 misit.
607 2214 638 2273 G.
663 2210 758 2296 Iullia')
783 2211 967 2296 Mar(ce'lli)?

348 2390 364 2447 6
397 2390 516 2448 Palmae
547 2388 580 2448 in
611 2390 711 2449 insula
742 2390 860 2450 Baleari
891 2390 1017 2469 maiore,
1053 2390 1085 2450 in
1115 2412 1218 2452 museo
1245 2391 1397 2452 societatis
1419 2392 1665 2469 archaeologicae

388 2493 553 2554 Lullianae.

894 2617 1109 2661 leADl...C

345 2788 411 2846 Bel.
436 2789 469 2846 de
491 2790 520 2848 lc
542 2790 681 2849 Sociedad
701 2791 895 2869 arqueolcpr'cc
917 2790 1041 2851 Lultanc
1062 2794 1106 2852 vl
1131 2793 1212 2852 1896
1235 2813 1264 2870 p.
1282 2794 1353 2852 228.

347 2968 363 3021 7
394 2964 462 3023 Ilici

984 3069 1039 3111 ivr

342 3227 444 3283 Ibarra
466 3224 556 3284 misit.
604 3227 650 3284 Cf.
676 3228 758 3285 4969
775 3237 800 3280 aa
822 3225 938 3302 Lupcti

715 3527 747 3582 c,
783 3525 972 3582 vascvua
994 3526 1125 3583 varus
1147 3545 1175 3601 p.
1198 3527 1286 3583 1014.

428 3679 566 3738 ilicitana
586 3681 661 3738 haec
684 3689 714 3738 et
737 3679 904 3755 Saguntina
931 3681 1091 3738 maximam
1119 3688 1233 3758 partem
1256 3701 1322 3739 eam
1348 3682 1459 3739 habent
1487 3680 1662 3759 utilitatem,

343 3792 377 3842 ut
399 3793 528 3858 augeant
550 3804 707 3842 numerum
723 3786 911 3843 vasculorum
927 3805 1037 3862 eorum,
1063 3806 1138 3860 quae
1160 3805 1213 3861 per
1233 3786 1343 3862 oppida
1358 3785 1525 3861 Hispaniae
1548 3787 1666 3845 maiora

344 3890 406 3946 seta
429 3887 530 3946 omnia
553 3888 746 3963 aequabiliter
768 3888 800 3946 in
822 3909 880 3947 usu
902 3888 996 3948 fuisse
1020 3899 1150 3966 apparet.
1197 3888 1294 3948 Omisi
1321 3888 1447 3966 incerta,
1479 3909 1665 3964 quamquam

343 3992 396 4049 illa
424 4012 542 4066 quoque
573 3991 791 4050 accuratissime
819 3994 919 4050 Ibarra
953 3993 1121 4051 delineavit.
1179 3996 1333 4056 Quaedam
1366 3991 1483 4069 putavit
1515 3990 1666 4068 inscripta

343 4116 407 4154 esse
434 4096 542 4154 litteris
569 4097 707 4171 Ibericis3
744 4117 805 4153 non
832 4104 911 4154 recte
940 4103 1023 4173 puto.
1078 4100 1136 4156 Sed
1163 4099 1305 4156 obscurae
1333 4103 1403 4153 sunt
1431 4093 1667 4170 significationis

342 4220 398 4258 nec
427 4200 506 4276 typis
536 4210 603 4277 apte
629 4208 758 4277 possunt
783 4200 1006 4276 repraesentari.
1053 4202 1218 4276 Saguntina
1246 4201 1387 4277 pleraque
1410 4198 1571 4258 convenire
1595 4220 1667 4260 cum

342 4304 615 4363 Tarraconensibus
638 4310 872 4363 consentaneum
896 4311 950 4363 est.
996 4303 1117 4380 Hispali
1142 4325 1236 4381 pauca
1265 4304 1410 4379 quaedam
1437 4304 1517 4379 apud
1540 4303 1666 4364 Arizam

344 4409 503 4486 descripsit
524 4411 677 4467 Arthurus
699 4409 803 4484 Engel.

344 4587 426 4642 4970
443 4598 478 4641 ca
502 4583 635 4658 Sagunti.
680 4584 809 4641 Chabret
831 4582 921 4640 misit.

428 4707 456 4747 aa
479 4687 553 4745 Ilici.
600 4689 701 4745 Ibarra
724 4686 814 4745 misit.

429 4812 455 4851 ts
481 4790 587 4849 Cadata
610 4791 655 4848 del
678 4790 787 4868 Grr'cyo.
827 4791 893 4848 Fila
915 4789 968 4849 bol.
992 4791 1025 4847 dc
1048 4790 1077 4847 lc
1099 4788 1189 4847 Acad.
1216 4791 1289 4847 XXI
1316 4791 1396 4848 1892
1420 4808 1448 4864 p.
1472 4791 1541 4848 142.

428 4915 455 4955 tc
478 4895 551 4953 llici.
591 4896 691 4953 Ibarra
714 4895 804 4953 misit.

428 5020 451 5058 ar
478 4998 626 5079 (exempla
649 4995 717 5077 duo)
742 4998 817 5057 Ilici.
855 4999 955 5056 lbarra
977 4997 1068 5056 misit.
1109 5001 1176 5056 5lc
1198 4995 1333 5073 Sagunti.
1373 4996 1502 5056 Chabret
1523 4999 1620 5060 misit.

428 5124 455 5163 cc
478 5102 553 5160 Ilici.
593 5103 693 5159 Ibarra
717 5100 807 5160 misit.

428 5227 454 5265 ca
480 5204 585 5264 cabaa
607 5207 652 5263 del
674 5206 784 5283 Gricpo.
824 5207 891 5265 Fita
914 5207 965 5264 tol.
992 5208 1024 5264 do
1045 5208 1074 5265 la
1097 5203 1187 5263 Acud.
1215 5207 1289 5264 XXI
1314 5206 1396 5266 1892
1418 5222 1449 5285 p.
1470 5206 1542 5267 112.
