3472 5828
585 543 636 594 an
664 544 760 594 sors
791 542 989 599 asvsmvru.
1373 527 1443 596 347

129 713 344 788 huncquoque
367 716 483 772 titulum
505 717 643 791 posuisse
666 719 738 775 satis
760 727 807 775 est
828 718 992 794 probabile:
1017 736 1103 775 versu
1125 720 1212 776 tertio
1232 730 1328 777 utrum
1348 734 1446 777 caess·

126 843 186 871 reon
209 817 389 873 nominatum
413 817 502 875 luerit
522 837 559 875 an
581 836 699 886 corporato
720 836 818 878 caesar
838 821 946 895 aliquis
968 820 1122 877 diiudicari
1146 821 1255 895 nequit.

210 915 346 975 Collocat
368 918 567 994 Pellegrinius
589 921 666 976 inter
687 922 764 977 viam
787 932 816 979 et
837 933 951 979 montes
973 922 1079 979 balnea
1105 932 1133 977 et
1161 923 1284 994 circum,
1313 926 1389 982 hunc
1416 925 1445 981 in

126 1021 253 1076 confinio
277 1021 428 1076 vinearum
453 1022 589 1078 Molinari
613 1034 642 1079 et
665 1019 838 1092 Ceccarelli,
865 1024 916 1079 illa
938 1024 1032 1100 magis
1054 1024 1234 1081 occidentem
1257 1043 1361 1084 versus
1384 1026 1445 1082 ulla

126 1120 212 1175 salita
235 1122 281 1176 del
305 1123 400 1180 illoote
422 1123 494 1180 delle
517 1124 608 1180 Piala.
664 1123 710 1181 De
732 1126 819 1195 circo,
842 1127 927 1183 cuius
949 1126 1091 1201 reliquiae
1115 1127 1188 1183 satis
1212 1127 1320 1184 multae
1343 1146 1445 1204 super-

126 1221 217 1278 luisse
239 1222 424 1298 dicuutrrr¹)‚
452 1245 529 1282 nunc
551 1244 615 1282 cum
639 1226 739 1284 omnia
760 1242 840 1284 terra
862 1246 963 1285 rursus
986 1238 1063 1283 tecta
1084 1228 1157 1292 sint,
1183 1228 1346 1286 diiudicare
1368 1229 1445 1287 dilli-

126 1323 182 1378 cile
205 1334 260 1395 est,
289 1344 457 1400 quanquam
483 1327 563 1383 locus
586 1328 666 1385 circo
687 1328 851 1385 extruendo
874 1348 931 1384 non
954 1330 1027 1386 satis
1054 1329 1179 1386 idoneus
1205 1342 1249 1386 est
1275 1340 1304 1386 et
1331 1330 1445 1389 ridetur

126 1426 277 1483 dubitasse
300 1427 469 1486 Henzenus.
519 1429 631 1486 Balnea
654 1448 723 1487 vero
750 1432 780 1487 in
807 1431 872 1487 luco
900 1431 1052 1488 Arvalium
1081 1432 1236 1488 memorari
1263 1449 1317 1487 suo
1344 1451 1444 1490 errore

126 1529 224 1600 posuit
249 1529 503 1603 Pellegrinius²);
532 1532 639 1588 rudera
661 1550 736 1606 quae
759 1533 797 1589 ad
819 1552 855 1589 ea
874 1532 965 1589 refert
986 1533 1074 1590 nimis
1103 1532 1190 1609 longe
1216 1531 1328 1591 distant
1354 1552 1442 1608 quam

124 1647 199 1702 quae
223 1631 258 1686 ad
282 1632 377 1689 lucum
401 1634 581 1708 pertinuisse
604 1634 767 1691 credamus.

207 1732 312 1790 Restat
340 1735 504 1793 aedificium
536 1735 664 1792 omnium
695 1736 931 1804 celeberrimum,
964 1736 1052 1794 aedes
1085 1737 1210 1793 rotunda
1242 1756 1329 1812 quam
1360 1737 1442 1793 lleae

124 1833 201 1890 Diae
228 1853 342 1892 sacram
371 1838 501 1894 credunt.
552 1837 620 1913 Egit
648 1838 684 1893 de
710 1857 746 1893 ea
768 1837 915 1895 Rodulsus
938 1837 1119 1896 Lancianius
1147 1838 1239 1914 (apud
1268 1837 1440 1895 Henzenum

123 1935 263 1994 relacione
288 1957 316 2009 p.
340 1938 515 2013 tos-107)
550 1938 768 2014 imaginemque
799 1942 964 1998 restitutam
992 1941 1019 1996 in
1048 1939 1158 1997 tabulis
1191 1960 1217 1996 n.
1244 1939 1279 1996 V.
1301 1940 1341 1996 Vl
1375 1959 1441 2016 pro·

124 2039 230 2113 posuit,
285 2040 318 2097 In
347 2058 406 2114 qua
434 2041 559 2116 imagine
592 2039 659 2098 licet
685 2042 828 2116 quaedam
856 2059 949 2115 eaque
979 2059 1036 2097 non
1066 2041 1142 2098 levia
1169 2041 1345 2115 corrigenda
1374 2042 1440 2111 sint,

123 2158 178 2195 nos
200 2140 311 2197 relictis
333 2143 438 2199 ceteris
460 2162 535 2215 quae
563 2142 599 2199 ad
628 2144 852 2200 architecturam
881 2142 1041 2219 pertinent,
1067 2143 1096 2199 id
1120 2162 1207 2199 unum
1231 2142 1439 2216 disquiremus,

122 2253 254 2298 actorum
279 2244 396 2299 tabulae
419 2254 514 2301 utrum
538 2264 640 2300 revera
661 2245 690 2302 in
714 2263 749 2301 eo
769 2246 834 2302 loco
856 2244 974 2301 adfixae
1001 2243 1122 2314 luerint,
1149 2263 1236 2321 quem
1259 2242 1440 2302 Lancianius

123 2343 341 2418 Henzenusque
362 2347 406 2402 eis
428 2346 669 2420 adsignarerunt,
696 2346 809 2403 scilicet
829 2347 858 2404 in
881 2347 1029 2422 stylobate
1051 2346 1133 2404 aedis
1155 2347 1311 2416 rotundae,
1340 2366 1438 2404 necue.

123 2444 155 2501 ld
178 2448 295 2519 quidem
319 2448 518 2520 probaverunt
540 2449 589 2522 qui
613 2459 713 2505 nostra
736 2457 831 2506 aetate
853 2449 889 2505 de
913 2449 992 2505 hisce
1015 2449 1194 2523 scripserunt
1218 2449 1246 2504 ni
1270 2447 1358 2504 fallor
1380 2466 1439 2503 orn-

122 2566 186 2616 nes;
208 2557 278 2604 sunt
301 2561 397 2605 tamen
420 2568 495 2625 quac
519 2550 716 2606 dubitationes
740 2560 878 2607 moveant
900 2550 973 2606 satis
996 2568 1113 2625 graves.

203 2649 335 2705 Primum
360 2651 477 2708 tabulae
500 2670 573 2725 quas
596 2663 639 2708 tot
660 2664 689 2708 et
711 2661 809 2709 tantas
837 2653 979 2708 habemus
1004 2652 1109 2727 planae
1133 2662 1202 2710 sunt
1222 2669 1339 2709 omnes:
1362 2653 1438 2709 uude

120 2751 142 2805 si
167 2752 299 2808 aedificio
323 2752 449 2809 rotundo
472 2772 523 2811 eas
545 2754 756 2830 applicaveris,
784 2754 955 2829 superficies
976 2754 1082 2810 evadet
1104 2753 1226 2810 laterum
1251 2755 1318 2829 plus
1341 2756 1437 2811 minus

120 2853 272 2928 octogiuta
294 2854 370 2911 inter
395 2872 426 2911 se
455 2857 526 2913 satis
554 2856 744 2913 diversorum.
797 2856 870 2913 Eam
897 2856 1004 2913 deinde
1030 2856 1072 2912 ita
1098 2854 1269 2931 inscriptam
1297 2873 1378 2927 esse,
1407 2868 1439 2913 ut

119 2954 277 3028 aliquoties
306 2956 383 3012 idem
415 2975 518 3013 versus
545 2959 574 3013 iu
605 2958 713 3015 tabulis
743 2959 819 3015 binis
848 2958 958 3034 angulo
985 2958 1091 3015 obtuso
1117 2958 1201 3015 iuxta
1230 2958 1336 3032 positis
1369 2976 1436 3015 con·

119 3056 282 3114 tiuuaretur
305 3059 345 3132 (v.
369 3078 410 3133 gr.
435 3081 462 3117 a.
479 3061 532 3135 90)
555 3060 641 3117 valde
664 3061 769 3118 mirum
792 3060 914 3117 videtur.

200 3159 317 3217 Deinde
340 3163 509 3218 consideres
533 3162 619 3218 velim
642 3162 767 3219 aedilicii
791 3164 908 3220 rotundi
931 3172 1105 3219 structuram
1134 3161 1252 3237 qualem
1280 3165 1436 3237 proposuit

119 3259 311 3319 Laneianins:
339 3264 535 3321 stereobatam
558 3284 594 3322 ex
619 3282 708 3338 opere.
729 3265 841 3322 incerto
864 3265 974 3340 pariete
996 3263 1127 3320 latericio
1142 3264 1329 3321 extrinsecus
1351 3284 1435 3340 oper·

118 3372 188 3423 tam,
210 3365 253 3419 cui
278 3365 385 3421 affixae
409 3367 469 3422 sint
490 3378 621 3423 actorum
646 3366 778 3437 tabulae3
802 3385 893 3442 supra
915 3385 979 3423 eum
1003 3366 1105 3440 templi
1129 3367 1269 3442 parietem
1288 3366 1384 3423 solido
1399 3368 1435 3423 de

118 3483 263 3521 marmore
285 3477 492 3524 constructum.
542 3468 617 3524 Tale
639 3468 804 3526 aedificium
829 3468 941 3525 Romae
968 3479 999 3525 et
1025 3478 1122 3524 aetate
1148 3469 1357 3543 imperatorum
1384 3490 1433 3525 ex·

117 3579 241 3624 tructum
265 3569 373 3625 frustra
396 3570 424 3625 ni
448 3570 537 3625 fallor
558 3572 748 3645 quaesiveris.

200 3671 292 3726 Multo
316 3690 385 3726 vero
407 3673 527 3747 gravius
551 3686 752 3748 argumentum
777 3693 812 3730 ex
837 3675 902 3751 ipsa
928 3674 1092 3748 scripturae
1119 3672 1290 3731 condicione
1318 3676 1432 3750 petitur.

116 3772 241 3830 Constat
265 3775 339 3830 inter
362 3792 464 3830 omnes
487 3785 551 3829 aeta
574 3786 696 3831 exarata
719 3794 785 3833 esse
812 3777 841 3832 in
869 3776 977 3833 tabulis
1004 3776 1117 3850 magnis
1145 3777 1332 3845 marmoreis,
1361 3796 1432 3852 qua·

191 4004 212 4064 ¹)
234 4005 370 4063 Pelleqrini
390 4022 415 4068 p.
431 4010 459 4054 tl:
480 4008 504 4053 ai
522 4009 667 4072 aeoprirono
687 4010 698 4055 i
716 4009 780 4056 errari
798 4007 829 4056 ed
846 4009 857 4055 i
873 4008 979 4074 pilastrr'
1001 4006 1044 4058 cde
1066 4023 1209 4074 repqeouno
1233 4008 1255 4058 le
1279 4007 1431 4056 arcaan'om'.

110 4098 180 4159 porti
197 4099 223 4144 r'o
244 4097 318 4147 linea.
338 4114 351 4146 c
371 4107 526 4164 quonamque
545 4101 595 4146 esai
605 4101 706 4163 sosaero
727 4099 755 4146 di
770 4102 934 4166 proportioni
951 4103 1041 4151 nrinori
1059 4103 1082 4150 si
1099 4103 1292 4150 ricoaoscet·ano
1311 4099 1390 4148 diuisi
1407 4098 1432 4143 io

113 4187 159 4234 elne
172 4188 222 4252 fila
240 4206 305 4237 rome
325 4191 388 4238 uallo
409 4191 491 4238 studio
512 4212 525 4235 o
546 4194 612 4239 vireo
633 4192 661 4239 di
674 4190 829 4240 Alessnudro
843 4190 934 4242 Severo
953 4193 1018 4243 detto
1038 4195 1206 4260 eolqurmente
1222 4191 1294 4244 (l'reo
1309 4188 1432 4256 Apottale.

113 4278 209 4329 tlooe
229 4282 268 4328 nel
290 4281 385 4330 sordetto
411 4285 420 4329 i
440 4283 557 4349 pr'erlrrttr'
579 4302 638 4332 sono
655 4284 765 4347 joranni
787 4283 816 4332 di
834 4286 1050 4352 parallelepipedr'
1073 4286 1101 4335 di
1124 4287 1272 4344 trovera'oo,
1302 4282 1343 4330 nel
1364 4281 1433 4329 circu

112 4372 181 4435 «repo
195 4374 287 4421 Arralt'
305 4392 380 4422 erano
401 4378 529 4440 emrrpositi
548 4376 575 4421 di
592 4376 687 4440 prandi
705 4378 781 4424 rrrrrasi
799 4376 981 4443 qrardrilunyln'
999 4379 1028 4427 di
1045 4379 1096 4443 tuffo
1112 4377 1271 4445 prorect'enti
1286 4372 1355 4423 ‹lalle
1373 4387 1434 4419 ecee

112 4464 140 4509 ‹ti
155 4483 230 4530 pono
246 4465 367 4514 Pantuleo
387 4466 430 4514 else
449 4486 544 4515 erne-oro
563 4485 622 4514 eorm
642 4470 666 4515 r'n
687 4468 787 4516 attr'rt'tir
806 4469 847 4518 nel
865 4470 992 4518 nrcdesr'mo
1012 4472 1094 4535 irrogo.
1129 4469 1230 4519 (lraude
1241 4469 1275 4531 stt
1295 4467 1316 4514 t'l
1333 4477 1434 4512 7111Μο

111 4551 147 4602 ‹le‘
171 4561 247 4605 recussi
264 4558 306 4607 ele
327 4577 430 4608 retulero
450 4560 560 4618 eurota,
587 4561 596 4605 i
615 4560 686 4623 quali
700 4562 790 4625 poain
801 4561 899 4625 ferrono
918 4565 1026 4627 spectati
1048 4580 1093 4611 eon
1117 4577 1197 4610 ritune
1212 4576 1261 4627 per
1275 4557 1326 4620 jar
1346 4555 1433 4620 plelrfl

111 4650 144 4696 do
164 4653 322 4708 nostrin-ioue,
345 4670 360 4698 o
381 4655 477 4700 ru'aerrn
497 4651 525 4699 dr'
544 4652 628 4698 olom·
646 4651 688 4700 ele
707 4654 731 4697 ai
745 4669 836 4718 posero
857 4653 892 4701 ad
909 4670 953 4702 nso
973 4653 1001 4702 di
1019 4654 1095 4704 sedili
1112 4654 1152 4703 nel
1166 4649 1283 4718 pennalt
1302 4645 1390 4694 snam
1408 4642 1437 4690 “l

109 4744 195 4789 susino
215 4741 282 4789 dello
302 4745 377 4807 νίψαι
396 4744 533 4792 oredeo'ou.

186 4842 209 4899 ¹·')
231 4843 330 4889 Scilicet
352 4845 376 4891 in
397 4845 459 4891 aretis
481 4860 503 4889 a.
520 4844 570 4890 tls
592 4852 615 4890 et
637 4845 684 4892 24}
708 4844 853 4892 sacerdotes
873 4845 992 4894 dicuntur
1011 4864 1027 4893 o
1047 4844 1142 4894 dolrreis
1164 4843 1202 4891 vel
1228 4840 1275 4889 loti
1298 4838 1324 4885 in
1348 4834 1435 4883 osthe-

109 4935 161 4980 ‹lris
180 4935 333 4989 consedisse,
354 4936 397 4983 sed
418 4936 443 4982 id
465 4936 546 4997 primo
567 4936 608 4981 die
628 4937 690 4983 sacri
712 4951 798 4984 mense
812 4937 883 4985 Maio
897 4938 1026 4996 celebrati,
1046 4955 1096 5001 quo
1110 4939 1135 4984 iu
1156 4934 1219 4982 urbe
1232 4932 1265 4979 ad
1281 4928 1435 4991 magistrum

109 5028 246 5072 eourenire
266 5026 379 5073 solelumt
399 5028 513 5085 (Hermen
534 5044 556 5089 p.
571 5027 683 5085 XXIII).
717 5028 870 5077 Balnearum
892 5031 998 5091 vestigia
1017 5027 1201 5090 aPellegriuio
1215 5022 1349 5083 descripta
1369 5018 1437 5065 ultra

109 5118 219 5179 lapidem
241 5119 272 5165 alr
294 5118 354 5165 urbe
375 5129 472 5166 sextum
492 5119 542 5166 sita
562 5130 631 5167 sunt:
653 5135 703 5182 quo
724 5127 824 5183 praeter
842 5121 893 5169 alia
912 5123 1033 5171 sacellum
1048 5118 1252 5183 aritiqotosimom
1268 5111 1358 5161 Fortis
1372 5109 1436 5157 For·

109 5220 184 5257 tunae
205 5212 381 5258 collrwandum
401 5226 455 5256 esse
477 5222 574 5259 eonsrot
595 5212 708 5271 (tteozoo
730 5213 853 5260 reluro'one
873 5229 896 5276 p.
915 5216 978 5263 100:
999 5214 1100 5262 c.1.1..
1124 5210 1169 5268 t'l,
1194 5200 1362 5261 lut-tutti
