3472 5828
350 530 425 603 448
807 550 1096 601 ranmconnnsrs

1272 648 1323 657 ...-

348 737 462 798 addidit
488 738 563 813 felia
596 739 727 799 Tarraco.
792 736 943 798 Vemaczre
968 739 1082 798 nuntiae
1109 737 1200 796 meur
1228 736 1293 814 ipse
1324 737 1482 796 cacabulus
1513 735 1577 796 sire
1607 735 1667 794 tin-

348 843 539 903 tinnabulum
569 842 630 904 dici
658 843 863 903 Hirschfeldio
894 842 1063 921 videbatur,
1100 843 1210 920 quippe
1244 862 1303 917 quo
1337 842 1369 899 in
1399 840 1490 901 sacris
1519 839 1667 916 Augustis

349 947 507 1007 sollemnia
529 947 708 1028 indicentur,
733 947 790 1008 etsi
811 948 892 1007 hunc
915 948 1090 1007 cacabulum
1105 967 1167 1006 non
1190 947 1289 1024 ipsum
1306 945 1377 1005 usui
1399 945 1592 1024 destinatum,
1616 945 1667 1003 sed

347 1052 481 1111 votivum
513 1052 608 1112 fuisse
639 1058 761 1130 propter
791 1052 915 1128 exiguas
941 1052 1006 1111 eius
1034 1071 1188 1111 mensuras
1216 1050 1280 1110 veri
1308 1050 1407 1110 simile
1436 1050 1483 1110 sit.
1536 1049 1667 1108 Secalcmr

348 1158 448 1215 bonum
476 1152 609 1237 afflatus]
636 1151 843 1236 p(opalo)q(ae)
874 1151 1026 1236 Montano)
1063 1155 1250 1232 imperatoris
1283 1153 1436 1214 mentione
1470 1174 1532 1213 non
1565 1152 1667 1211 habita

350 1267 452 1337 optare
480 1263 618 1340 putabat,
648 1259 679 1319 id
705 1263 787 1336 quod
816 1262 934 1319 saeculo
965 1260 1061 1337 primo
1094 1258 1253 1337 incipienti
1284 1260 1380 1336 magis
1413 1278 1503 1334 quam
1533 1258 1666 1316 secundo

349 1364 472 1424 exeunti
487 1364 666 1442 conveniret,
687 1384 742 1423 nec
764 1364 930 1424 litterarum
950 1367 1071 1443 formae,
1089 1371 1235 1440 quantum
1250 1385 1287 1423 ex
1303 1371 1409 1441 ectypo
1431 1361 1667 1440 photograpbico

349 1469 475 1528 iudicari
502 1469 611 1548 possit,
642 1470 679 1528 ab
701 1469 753 1528 illa
780 1476 876 1529 aetate
904 1471 1062 1529 abhorrere
1091 1469 1121 1528 ei
1145 1468 1332 1529 videbantur.
1377 1471 1478 1543 Atque
1504 1467 1542 1525 de
1573 1474 1668 1525 aetate

349 1574 517 1632 litterarum
547 1592 658 1650 anceps
686 1572 833 1633 iudicium
865 1594 929 1633 esse
959 1593 1057 1649 neque
1086 1575 1204 1632 obstare
1233 1571 1324 1632 aetati
1354 1570 1518 1647 antiquiori
1546 1571 1669 1630 reculam

350 1678 461 1736 rustice
484 1678 630 1755 scriptum
652 1698 705 1754 pro
729 1679 857 1757 saeculo,
882 1678 1013 1736 concedo
1034 1677 1171 1737 libenter.
1217 1678 1277 1735 Sed
1299 1684 1390 1736 restat
1413 1675 1571 1754 dubitatio,
1596 1694 1669 1735 num

349 1782 413 1859 ipse
437 1782 596 1841 cacabulus
618 1782 717 1841 dicere
740 1802 771 1841 se
793 1782 923 1858 potuerit
937 1781 1110 1840 vernaclum
1130 1781 1271 1840 nuntium
1292 1780 1444 1842 maiorem.
1479 1781 1669 1840 Vocabulum

351 1892 466 1944 stante
483 1888 592 1964 popolo
614 1887 651 1944 ab
674 1907 723 1964 eo,
755 1886 808 1961 qui
834 1885 955 1944 titulum
978 1885 1098 1964 incidit,
1128 1892 1299 1961 corruptum
1322 1892 1424 1944 censet
1445 1882 1670 1943 Hirschfeldius

353 2010 389 2048 ex
396 1986 517 2068 selice),
541 1999 576 2048 ut
591 2009 679 2065 saepe
694 1989 726 2047 in
743 1989 1009 2049 acclamationibus
1030 1990 1146 2066 legatur
1162 1997 1187 2048 te
1201 1990 1278 2047 calco
1293 1989 1365 2048 codri
1378 2009 1472 2048 camur
1486 1987 1669 2063 similiaque.

351 2093 568 2152 Tintinnabula
594 2093 627 2152 in
656 2093 748 2153 sacris
774 2103 918 2170 usurpata
944 2093 1037 2152 fuisse
1061 2114 1077 2151 e
1100 2094 1249 2153 Pseudulo
1271 2093 1411 2153 Plautina
1431 2095 1445 2152 I
1469 2095 1496 2172 3,
1522 2095 1582 2151 116
1608 2092 1672 2151 sola

353 2198 567 2272 deducebatur;
591 2197 644 2255 sed
666 2198 882 2257 consuetudine
905 2196 1047 2256 ecclesiae
1063 2196 1225 2256 catholicae
1241 2199 1393 2256 Romanae
1415 2197 1495 2256 idern
1517 2196 1670 2275 probatur.

351 2303 448 2360 Usum
467 2300 624 2376 antiquum
644 2302 828 2361 demonstrat
848 2307 1001 2379 praeterea
1020 2299 1119 2375 imago
1140 2313 1269 2359 tesserae
1291 2301 1448 2377 plumbeae
1463 2301 1497 2359 C.
1512 2301 1542 2359 11
1558 2301 1673 2358 49638

352 2400 496 2484 (Delgado
512 2423 598 2464 naevo
612 2405 719 2463 melodo
734 2407 763 2463 Il
777 2426 806 2482 p.
825 2408 886 2465 340
899 2405 962 2510 pah.
979 2406 1093 2463 LXXX
1110 2408 1135 2463 l.
1154 2398 1194 2486 2),
1218 2404 1305 2464 cuiue
1319 2403 1472 2482 inscriptio
1488 2404 1527 2462 ad
1541 2408 1673 2462 aetatem

351 2507 463 2567 liberae
485 2510 528 2566 rei
550 2508 688 2586 publicae
711 2509 849 2585 pertinet.
888 2511 977 2568 Sacra
991 2514 1130 2585 Augusta
1144 2507 1284 2570 videntur
1300 2528 1364 2568 esse
1384 2507 1542 2568 notissima
1554 2509 1674 2567 Romae

355 2611 491 2671 divorum
506 2620 536 2671 et
549 2617 765 2691 Augustorum,
790 2633 866 2687 quae
881 2615 1048 2673 Tarracone
1069 2614 1198 2673 maxime
1214 2614 1392 2689 floruerunt3
1415 2613 1495 2688 quod
1512 2610 1672 2689 comaclu,

353 2715 372 2775 i.
397 2738 422 2775 e.
451 2736 554 2776 servus
583 2716 700 2796 templi,
730 2717 832 2777 nuntii
859 2716 981 2777 maioris
1009 2717 1142 2777 officium
1171 2716 1289 2795 habuit,
1318 2717 1397 2776 inter
1423 2716 1487 2776 fani
1515 2715 1675 2774 ministros

355 2821 514 2897 collegium
540 2820 716 2880 nuntiorum
744 2821 838 2881 fuisse
867 2823 968 2898 aliquo
995 2824 1084 2881 modo
1106 2821 1228 2882 indicat.
1279 2822 1502 2899 comparandae
1529 2828 1605 2881 eunt
1625 2821 1674 2879 in·

354 2925 531 3002 scriptiones
563 2924 835 2985 tintinnabulorum
868 2926 983 3002 aliquot
1016 2928 1147 2985 Graecae
1180 2934 1210 2985 et
1241 2925 1368 2985 Latinae
1401 2927 1477 2985 duae
1509 2925 1674 3003 inscriptae

355 3029 450 3088 Firmi
469 3028 637 3095 homotona
660 3038 690 3089 et
703 3026 857 3111 f(elr'ea'tcr)
883 3030 914 3089 0.
931 3029 1004 3090 Iulio
1021 3029 1152 3089 Maximo
1173 3025 1303 3111 alaman)
1326 3025 1454 3111 dentum)
1469 3061 1512 3073 -
1531 3029 1558 3088 si
1581 3030 1673 3088 modo

354 3141 434 3194 recte
450 3134 492 3193 ita
507 3134 695 3210 explicantur
710 3133 827 3193 litterae
843 3133 1009 3209 singulares
1027 3153 1062 3194 r.
1077 3180 1084 3194 .
1097 3152 1118 3192 Ν
1135 3152 1232 3195 ·c-
1246 3134 1343 3193 editae
1358 3155 1375 3193 a
1391 3132 1544 3192 Ludorico
1559 3133 1676 3193 Brunca

355 3246 512 3298 comment.
537 3241 674 3298 Momms.
699 3261 727 3317 p.
747 3241 807 3298 555
820 3258 859 3297 ss.
905 3234 1002 3296 Aliter
1025 3237 1119 3297 sensit
1141 3239 1300 3316 Berlanga,
1330 3238 1383 3312 qui
1405 3256 1473 3296 cum
1495 3236 1536 3296 sit
1556 3236 1675 3314 patriae

354 3344 475 3419 linguae
498 3343 623 3419 eiusque
646 3343 788 3402 historiae
811 3342 1018 3419 peritissimus,
1042 3344 1205 3418 praefracte
1228 3349 1317 3417 negat
1340 3345 1421 3417 quod
1440 3361 1495 3419 ego
1510 3343 1675 3401 Toblerum

356 3456 476 3506 secutus
498 3447 612 3508 credidi
635 3449 793 3507 cacabulus
816 3448 994 3506 vocabulum
1024 3466 1092 3505 cum
1120 3445 1245 3505 caecobel
1266 3447 1404 3524 Hispano
1431 3450 1676 3524 componendum

356 3573 430 3612 esse.
476 3554 627 3611 Cacabum
650 3552 742 3628 igitur
767 3559 852 3629 putat
878 3552 985 3628 fuisse,
1016 3551 1069 3625 qui
1095 3561 1190 3610 aetate
1219 3553 1339 3610 demum
1366 3553 1530 3610 recentiore
1557 3552 1591 3610 in
1614 3553 1676 3610 tin-

356 3656 547 3714 tinnabulum
569 3658 631 3714 sive
655 3677 827 3733 campanam
847 3663 979 3715 mutatus
1001 3656 1048 3732 sit,
1074 3676 1142 3713 curn
1162 3656 1336 3733 praesertim
1359 3658 1436 3715 ferro
1457 3655 1504 3714 uti
1525 3655 1558 3713 in
1582 3656 1675 3714 sacris

356 3780 418 3818 non
440 3759 572 3836 licuerit;
597 3760 623 3819 si
646 3763 734 3820 modo
757 3763 827 3840 hoc,
857 3762 937 3834 quod
964 3781 1000 3818 ex
1028 3760 1119 3818 sacris
1142 3760 1297 3820 Arvalium
1324 3760 1476 3839 novimus,
1506 3761 1545 3818 ad
1573 3759 1676 3819 omnia

357 3866 468 3940 templa
490 3865 613 3924 valebat.
653 3867 780 3925 Valebat
796 3872 895 3924 autem
910 3865 974 3922 sine
990 3865 1082 3923 dubio
1098 3871 1215 3924 tantum
1231 3868 1268 3924 ad
1289 3886 1372 3925 sacra
1387 3865 1439 3924 illa
1454 3864 1673 3940 antiquissima.

365 3968 517 4027 Verriaclce
539 3990 599 4028 non
622 3971 834 4047 appellativum
858 3969 1009 4028 existimat
1024 3990 1088 4028 esse
1105 3972 1157 4029 sed
1176 3990 1285 4028 nomen
1306 3970 1368 4029 aive
1387 3970 1465 4029 servi
1487 3969 1550 4027 sive
1573 3968 1676 4029 liberti

357 4073 457 4130 nuntii
480 4073 609 4151 maioris,
634 4082 663 4131 et
686 4076 809 4132 verbum
832 4073 987 4151 excidisse,
1012 4095 1070 4148 quo
1095 4076 1235 4132 cacabum
1252 4076 1288 4132 ab
1304 4075 1356 4132 illo
1372 4076 1475 4132 datum
1492 4074 1539 4131 vel
1562 4075 1675 4132 factum

358 4196 422 4234 esse
445 4177 634 4236 indicaretur.
674 4178 884 4237 Dubitationes
904 4179 972 4237 illas
988 4178 1045 4236 viri
1060 4178 1226 4237 acutissimi
1247 4177 1343 4237 iustas
1358 4198 1423 4237 esse
1438 4198 1498 4237 non
1515 4178 1674 4252 credimus,

357 4282 410 4338 sed
442 4280 667 4356 inscriptionem
696 4302 787 4340 sensu
815 4303 876 4341 non
904 4304 1001 4342 carere
1035 4290 1065 4342 et
1094 4283 1332 4342 tintinnabulum
1360 4282 1527 4356 antiquitus
1555 4281 1590 4339 in
1619 4301 1675 4340 usu

359 4384 452 4443 fuisse
475 4387 593 4443 credere
615 4386 774 4461 pergimus.
814 4390 920 4461 Neque
936 4409 1005 4447 vero
1023 4390 1141 4447 obstare
1163 4396 1303 4464 putamus
1324 4386 1481 4445 modulum
1501 4387 1588 4464 cius„
1601 4405 1676 4461 quo-

358 4489 458 4548 minus
480 4489 581 4565 ipsum
603 4491 762 4564 aliquando
785 4491 817 4548 in
840 4492 931 4550 sacris
953 4500 1128 4568 usurpatum
1151 4512 1215 4551 esse
1237 4499 1412 4551 statuamus.

362 4697 736 4705 -——-—-—--—-—--—--—.-
744 4698 1009 4706 --—-—--—-.—..
1024 4700 1098 4706 --
1111 4700 1121 4705 -
1137 4697 1209 4706 ...με

364 4832 428 4899 199
457 4840 632 4916 Tarracone,
663 4840 784 4897 extabat
806 4846 884 4897 tecta
912 4838 944 4896 in
967 4846 1052 4915 poste
1075 4838 1183 4896 ianuae
1206 4837 1350 4896 ecclesiae
1377 4837 1570 4917 cathedralis,
1602 4859 1677 4914 quae

405 4941 514 5000 dicitur
535 4949 620 5019 porta
643 4946 672 5002 S.
690 4944 829 5021 Theclae,
859 4945 939 5001 unde
969 4945 1048 5002 lotus
1076 4945 1214 5002 dextrum
1236 4964 1273 5001 ex
1295 4948 1378 5018 parte
1401 4941 1595 5000 imminutum
1618 4952 1676 5018 est3

403 5047 475 5105 inde
496 5046 573 5105 inter
595 5047 781 5106 instaurandi
797 5068 872 5124 opus
894 5047 927 5105 in
948 5047 1046 5105 lucem
1066 5050 1164 5106 denuo
1187 5053 1336 5124 protracta
1351 5052 1396 5104 est
1417 5045 1497 5105 basis
1513 5067 1679 5106 marmorea

405 5152 465 5210 alta
486 5172 525 5210 m.
551 5154 638 5231 0.75,
661 5153 721 5210 lata
745 5154 830 5229 042,
854 5150 964 5211 litteris
986 5172 1062 5211 saec.
1078 5154 1108 5210 ll
1130 5152 1267 5212 exeuntis
1289 5152 1336 5208 vel
1357 5152 1401 5209 lll
1422 5151 1557 5211 ineuntis
1578 5149 1677 5229 bonis,

405 5255 473 5314 altis
495 5277 513 5312 a
534 5275 573 5315 m.
600 5259 671 5315 0.06
695 5257 733 5314 ad
757 5260 840 5316 003.
