3472 5828
842 577 940 629 ACTA

226 753 275 821 54,
294 751 329 809 18
342 751 379 826 ¹).
423 752 582 812 Uberrima
608 752 681 810 baec
703 762 959 810 monumentorum
987 752 1223 829 relationumque
1244 752 1334 830 copia
1355 770 1427 811 cum
1451 768 1555 829 suppe-

224 864 413 930 teretesque
436 865 466 914 ut
488 861 646 931 augeretur
668 855 718 912 rix
741 854 927 913 crederemus
950 854 1013 912 fieri
1036 872 1136 931 posse,
1163 853 1361 913 nihilomiuus
1381 852 1552 912 faventibus

223 955 285 1027 dis,
312 957 414 1032 quibas
436 967 539 1034 septem
560 958 695 1034 placuere
717 958 817 1027 colles,
846 958 928 1015 bisce
949 955 1055 1016 diebus
1082 957 1221 1035 apparuit
1246 956 1334 1017 nobis
1356 955 1446 1016 beata
1471 957 1552 1033 pleae

224 1057 313 1133 Copia
337 1079 423 1117 cornu
444 1060 625 1119 resuscitans
640 1070 770 1119 actorum
786 1061 916 1130 illorum,
939 1078 1064 1137 quorum
1080 1070 1170 1119 antea
1190 1059 1332 1135 reliquias
1347 1059 1482 1137 exiguas
1504 1057 1552 1115 ha·

222 1160 374 1232 bebarnus,
397 1171 510 1237 partem
534 1181 593 1222 non
612 1163 731 1222 brevem
755 1174 785 1221 et
806 1164 1007 1238 conspicuam.
1042 1164 1120 1221 Acta
1141 1164 1214 1221 haec
1235 1181 1303 1221 cum
1317 1181 1366 1221 me
1380 1160 1474 1220 edere
1495 1159 1551 1218 ios·

221 1263 312 1321 sisset
326 1264 478 1323 academia
499 1266 582 1343 regia
596 1265 734 1323 Romana
748 1264 944 1342 Lynceorum,
967 1264 1108 1324 mandato
1130 1274 1162 1323 ut
1182 1262 1492 1323 honorificentissimo
1514 1262 1551 1321 its

220 1366 398 1441 gravissimo
427 1377 457 1425 ut
483 1367 572 1426 debui
599 1368 779 1443 posthabitis
806 1368 934 1445 negotiis
959 1368 1028 1426 aliis
1054 1368 1191 1425 omnibus
1218 1367 1300 1425 illico
1327 1364 1549 1441 obtemperari3

221 1468 360 1526 sedeam
385 1471 471 1527 amici
493 1469 623 1530 Romani
650 1471 838 1529 nuntiassent
866 1470 954 1527 simul
981 1468 1138 1529 eruderate
1163 1486 1231 1528 esse
1256 1478 1324 1526 acta
1346 1465 1549 1526 saecularium

218 1570 433 1629 celebratorum
461 1572 624 1649 imperante
648 1571 760 1631 Severo
782 1592 808 1630 a.
832 1592 860 1648 p.
877 1571 949 1631 Chr.
967 1571 1039 1645 204,
1067 1570 1308 1631 commentarium
1335 1568 1461 1646 publice
1486 1586 1549 1644 pro·

219 1674 288 1747 poni
316 1693 373 1731 non
400 1674 501 1733 debuit
527 1685 595 1733 ante
623 1675 795 1734 examinata
821 1686 887 1733 acta
909 1672 1081 1736 Severiana.
1123 1674 1187 1732 Iam
1213 1680 1375 1751 postquam
1402 1671 1481 1729 haec
1502 1670 1549 1728 de·

218 1776 330 1851 scriptu
352 1778 461 1852 accepi,
484 1778 654 1835 mandatum
677 1778 795 1854 perfeci.
829 1778 918 1835 Hanc
939 1786 1037 1836 autem
1061 1777 1133 1835 mihi
1154 1776 1249 1852 legem
1270 1773 1300 1833 in
1314 1773 1497 1850 exequendo
1515 1790 1549 1831 eo

218 1879 315 1952 posui,
340 1887 372 1935 ut
394 1881 423 1937 in
447 1881 484 1937 iis
501 1899 546 1938 me
562 1880 741 1937 continerem
765 1898 840 1956 clerae
862 1898 909 1937 res
931 1878 1108 1955 requirebat,
1131 1878 1246 1937 scilicet
1259 1886 1330 1934 nota
1346 1884 1450 1948 antea,
1472 1894 1548 1952 quae

217 1998 271 2054 pro
297 1999 329 2039 re
357 1991 425 2039 sunt
451 1981 610 2040 admodum
638 1982 744 2053 multa,
773 1983 802 2039 in
830 1983 905 2040 actis
932 1982 980 2041 his
1006 1981 1158 2039 redeuntia
1182 1978 1310 2038 breviter
1331 1978 1547 2057 significarem,

216 2100 294 2140 nova
313 2102 391 2159 quae
414 2084 557 2142 accedunt
578 2094 718 2161 quantum
747 2084 775 2141 in
804 2103 849 2141 me
875 2085 930 2142 fuit
955 2083 1148 2160 explicarem,
1175 2100 1251 2157 quae
1273 2089 1306 2138 ut
1330 2081 1548 2157 interpretarer

215 2185 288 2242 mibi
311 2205 370 2244 non
392 2187 536 2245 suecessit
557 2187 684 2264 ingenue
706 2186 870 2263 profiterer,
893 2187 1081 2262 quaestiones
1103 2183 1140 2243 ad
1163 2183 1360 2243 saecularium
1384 2183 1547 2242 sollemnia

214 2291 406 2363 pertinentes,
429 2290 481 2346 sed
504 2289 577 2347 actis
600 2289 645 2345 his
668 2288 811 2347 redivivis
833 2307 892 2345 non
915 2287 1078 2346 elucidatas
1101 2287 1138 2345 ab
1160 2287 1218 2345 boc
1239 2304 1304 2345 meo
1327 2285 1545 2371 commentario

213 2391 317 2466 procul
340 2391 488 2461 haberem,
511 2391 637 2466 denique
659 2392 689 2448 id
712 2409 840 2468 agerem,
864 2403 896 2449 ut
917 2391 984 2465 ipsa
1005 2398 1297 2464 monumentaquam
1312 2387 1472 2447 celerrime
1495 2407 1546 2466 pu·

212 2491 290 2549 blice
312 2493 476 2551 ederentur.
510 2491 589 2550 Nam
611 2510 790 2568 quamquam
813 2501 1034 2551 monumentum
1057 2491 1176 2567 insigne
1196 2491 1308 2567 optimo
1323 2490 1461 2553 consilio¹
1479 2509 1545 2549 aca-

214 2593 312 2652 demia
337 2595 433 2653 noluit
457 2594 601 2670 publicari
629 2595 671 2651 ita
697 2595 806 2652 nudurn
832 2605 862 2652 et
884 2594 1028 2665 deforme,
1056 2602 1088 2651 ut
1114 2593 1195 2651 urbis
1217 2602 1355 2651 aeternae
1382 2592 1488 2651 solum
1515 2592 1545 2651 id

212 2696 298 2754 nobis
322 2698 457 2767 restituit,
484 2716 581 2756 rerum
605 2696 807 2755 Romanarum
829 2697 936 2754 notitia
957 2714 1015 2754 non
1038 2697 1112 2754 meis
1135 2693 1364 2765 commentariis,
1388 2693 1446 2752 sed
1467 2694 1544 2771 ipsis

211 2800 336 2856 vetustis
363 2800 498 2875 reliquiis
522 2799 686 2875 augebitur,
713 2800 823 2875 quique
849 2801 962 2875 primus
985 2798 1057 2856 talia
1078 2798 1139 2855 edit
1159 2816 1226 2856 cum
1248 2796 1470 2875 posterioribus
1493 2815 1544 2855 ne·

211 2902 343 2959 cessario
366 2901 459 2959 multa
480 2902 628 2977 relinquat
648 2901 798 2972 addenda,
824 2902 967 2976 quaedam
990 2901 1078 2958 etiam
1100 2898 1298 2971 emendanda,
1321 2898 1415 2976 louge
1438 2899 1543 2959 utilius

211 3012 258 3059 est
280 3011 396 3077 reperta
418 3005 477 3061 cito
499 3002 625 3079 proferri
647 3021 736 3078 quam
759 3004 788 3060 in
811 3003 1054 3080 interpretatione
1076 3002 1218 3079 pauciora
1238 3000 1415 3060 desiderari.

295 3104 372 3162 Aeta
392 3124 467 3179 quae
490 3117 650 3182 supersunt
672 3107 736 3163 sire
758 3106 1009 3181 [cornme]ntarium
1031 3104 1175 3179 [ludorum
1197 3101 1441 3179 sueca]lar[iu]m,
1464 3122 1542 3181 quaa

211 3213 256 3264 est
282 3207 475 3282 praescriptio
503 3218 633 3265 actorum
657 3206 900 3282 Severianorum,
927 3218 1048 3266 senatus
1074 3206 1236 3265 secundum
1262 3206 1436 3265 consultum
1463 3206 1541 3283 ipsis

209 3310 355 3367 insertum
379 3329 406 3366 v.
423 3310 552 3369 59-63
581 3311 701 3368 inscribi
727 3311 813 3369 iussit
840 3314 869 3367 in
892 3311 1048 3368 columnam
1071 3311 1204 3368 oleatum
1225 3318 1251 3367 et
1270 3308 1394 3367 alteram
1416 3327 1541 3367 mortno·

209 3429 287 3468 reurn
309 3430 344 3469 co
367 3412 431 3468 loco
454 3413 658 3483 collocandas,
688 3413 735 3470 ubi
763 3412 824 3469 ludi
846 3412 938 3469 futuri
960 3420 1070 3483 essent,
1099 3430 1116 3469 a
1138 3430 1197 3487 quo
1218 3410 1260 3481 is,
1287 3428 1346 3486 quo
1368 3409 1542 3489 fragmenta

208 3524 315 3572 nostra
336 3514 492 3573 eruderate
516 3526 598 3583 sunt,
626 3515 717 3572 distat.
743 3533 801 3571 non
829 3515 896 3590 plus
921 3534 958 3572 m.
977 3514 1046 3573 500.
1090 3514 1193 3589 ltaque
1218 3512 1314 3571 frusta
1335 3511 1424 3570 nobis
1450 3514 1539 3571 resti·

208 3622 274 3673 tuta
300 3618 378 3674 inter
399 3635 430 3674 se
452 3616 616 3693 composita
642 3636 713 3674 curu
739 3616 912 3692 praesertim
934 3616 1082 3674 Barnabei
1110 3616 1204 3673 nostri
1227 3633 1292 3672 curn
1319 3622 1468 3690 appareat
1493 3634 1540 3673 su·

207 3736 330 3793 perosae
357 3738 395 3776 ex
423 3719 483 3794 pila
504 3719 649 3793 quadrata
677 3720 824 3776 maximae
846 3718 947 3787 molis,
976 3719 1051 3775 irasc
1072 3726 1119 3775 est
1145 3718 1213 3794 ipsa
1233 3715 1285 3773 illa
1308 3715 1440 3775 columae
1462 3736 1539 3775 rnor-

207 3839 316 3890 morea3
340 3820 521 3896 caridemque
543 3819 708 3877 columnam
733 3822 795 3878 sine
813 3821 901 3878 dubio
925 3828 1129 3897 repraesentat
1150 3836 1286 3877 nummus
1308 3818 1346 3876 ad
1368 3818 1459 3877 ludos
1483 3820 1538 3877 hos

207 3922 481 3980 commemorandos
504 3940 592 3980 eusrrs
615 3944 634 3980 a
656 3924 810 3981 triumviro
835 3923 974 3980 monetali
995 3920 1029 3978 L.
1046 3922 1189 3980 Mescinio
1204 3921 1294 3991 Rufo,
1316 3920 1366 3997 qui
1387 3924 1538 3999 reperitur

206 4024 284 4083 infra
306 4026 335 4082 in
358 4025 521 4102 appendice
543 4025 711 4082 nummaria
733 4025 809 4082 iuter
831 4034 946 4084 ceteros
969 4042 1105 4082 nummos
1128 4024 1164 4080 ad
1181 4024 1268 4082 ludos
1284 4022 1453 4082 saeculares
1470 4043 1536 4100 per·

206 4106 333 4184 tinentes
360 4146 431 4185 eura
452 4125 601 4186 Dresselii
623 4127 804 4202 compositos
814 4126 853 4202 ²).
901 4127 936 4185 ln
958 4126 1011 4184 illa
1033 4125 1171 4185 columna
1192 4145 1269 4202 quae
1290 4125 1481 4202 legebantur,
1508 4129 1536 4185 in

205 4229 330 4287 sormam
358 4230 522 4288 breviorem
551 4227 671 4286 redacta
698 4248 834 4289 nummus
860 4230 982 4304 repetit:
1017 4244 1068 4289 nar
1085 4257 1091 4271 ·
1108 4242 1426 4287 cssssu·nvovsrvs

206 4346 308 4389 nvnos
321 4361 326 4374 ·
340 4347 525 4390 snecvennss
549 4331 672 4405 (sectr).

288 4433 416 4491 Textum
444 4434 562 4492 tabulae
588 4444 798 4492 recensuerunt
825 4432 1016 4493 Christianus
1043 4432 1178 4491 Huelsen
1205 4441 1235 4489 et
1261 4431 1362 4490 Dante
1384 4431 1535 4508 Vaglieri;

203 4536 292 4594 iidem
316 4536 437 4594 huiusce
460 4536 583 4594 alterius
606 4535 745 4593 editionis
769 4553 861 4594 eausa
886 4536 1001 4612 lapides
1028 4535 1125 4594 denuo
1154 4532 1325 4611 (significati
1350 4532 1380 4591 iu
1408 4534 1535 4593 adnoto·

204 4638 283 4696 tione
305 4638 413 4697 litteris
436 4639 475 4697 H.
493 4636 545 4713 V.)
568 4637 791 4715 diligentissime
813 4647 1057 4715 recognoverunt.

280 4808 304 4871 ¹)
330 4808 486 4873 Vergilium,
511 4808 553 4871 qui
572 4808 636 4857 obiit
660 4808 763 4858 biennio
783 4816 841 4859 ante
867 4809 950 4857 editos
975 4808 1048 4858 ludos
1072 4807 1133 4869 hos,
1160 4822 1212 4856 non
1231 4805 1348 4856 absimile
1367 4807 1422 4857 reri
1443 4816 1485 4857 est
1504 4808 1535 4857 de

204 4902 362 4951 celebrandis
382 4902 412 4950 iis
432 4900 582 4964 cogitavisse
602 4902 658 4950 loeo
672 4902 806 4951 notissimo
820 4902 887 4950 Aen.
902 4899 927 4961 6,
943 4899 1009 4949 792:
1029 4898 1159 4965 Anqustua
1175 4895 1270 4948 Cbesar
1283 4896 1338 4946 diei
1354 4914 1435 4964 penus
1453 4916 1535 4949 aurea

203 4993 291 5044 ennrlet
309 4994 419 5043 saecula.
452 4993 495 5042 Ad
515 4994 643 5042 saeculum
664 4993 690 5041 id
710 4994 778 5057 quud
798 4992 909 5042 celebrat
928 4993 1017 5057 egloga
1037 5001 1137 5058 (pruna,
1157 4993 1221 5042 haec
1241 4990 1383 5041 saecularia
1402 5006 1455 5041 non
1475 5007 1534 5058 per·

203 5088 285 5137 tinent
304 5086 338 5148 (v.
357 5102 382 5151 p.
398 5086 449 5135 238
470 5093 524 5135 not.
541 5084 574 5146 l).

278 5178 303 5239 Ιἱ)
331 5179 434 5232 Similes
459 5178 602 5227 Domitiani
627 5194 684 5226 eum
709 5192 739 5225 ex
766 5184 872 5242 argento
898 5185 951 5227 tum
977 5192 1008 5227 ex
1033 5192 1096 5227 auro
1125 5177 1221 5226 babent
1246 5177 1349 5241 cippum
1377 5174 1535 5243 inscriptum

203 5276 281 5317 tvn-
299 5275 391 5318 saec·
407 5275 478 5318 rec·
503 5270 613 5331 (cobar,
633 5266 702 5319 altat.
723 5268 766 5319 dee
784 5285 845 5336 emp.
865 5270 879 5319 1
898 5287 921 5334 p.
937 5269 1000 5319 475.
1014 5269 1067 5319 476
1088 5285 1112 5318 n.
1127 5267 1261 5329 tta-75).
