3472 5828
644 2067 1102 2181 ADDITAMENTA

506 2300 579 2382 Au
609 2299 870 2386 CORPORIS
900 2301 1018 2386 von.
1042 2301 1098 2383 rx
1128 2315 1170 2382 et
1197 2300 1247 2382 x.

801 2536 861 2544 —-=-
877 2537 952 2543 ...—

195 2651 260 2794 In
283 2731 454 2792 condendis
476 2731 522 2791 his
544 2732 756 2810 supplementis
778 2734 898 2793 easdem
921 2734 982 2792 sere
1003 2733 1084 2811 leges
1106 2740 1224 2792 secutus
1246 2749 1326 2804 sum,
1355 2751 1430 2809 quas
1452 2731 1537 2809 sequi

201 2838 307 2897 solent
327 2837 350 2894 ii
372 2833 426 2911 qui
447 2835 477 2892 in
505 2835 560 2893 hec
587 2836 777 2913 ephemeride
803 2835 900 2894 adhuc
926 2835 1127 2895 additamenta
1153 2835 1193 2894 sd
1214 2832 1360 2912 Corporis
1386 2835 1539 2894 volumina

201 2946 395 3018 paraverunt
444 2935 552 3013 Neque
578 2937 656 2996 enim
683 2955 787 2996 omnes
814 2939 865 3013 qui
891 2950 961 3015 post
986 2939 1066 2997 edita
1094 2937 1164 2997 roll.
1185 2936 1232 2996 IX
1259 2945 1289 2995 et
1309 2936 1341 2995 X
1367 2937 1540 3015 prodierunt

203 3042 312 3100 titulos
342 3039 532 3115 recipiendos
563 3040 673 3099 censui.
725 3039 823 3099 Omisi
853 3040 1019 3117 fragmenta
1044 3041 1160 3099 minore
1184 3039 1430 3116 instrumentique
1457 3039 1539 3116 quod

205 3159 352 3203 vocamus
381 3141 578 3201 domesticum
605 3142 714 3201 molem
743 3151 863 3218 praeter
890 3141 1056 3202 Tarentina
1084 3141 1245 3219 quaedam3
1278 3142 1408 3219 itemque
1437 3161 1538 3200 eorum

205 3264 286 3323 quse
314 3243 354 3303 ed
382 3245 488 3303 titulos
516 3246 576 3303 iam
605 3244 701 3304 editos
731 3254 921 3304 accesserunt
951 3245 1087 3304 addenda
1112 3246 1161 3304 vel
1189 3243 1365 3321 corrigenda
1392 3244 1538 3303 delectum

207 3350 271 3407 duri
302 3347 377 3406 sutis
406 3365 472 3405 esse
494 3347 577 3406 duxi.
624 3347 747 3406 Partem
769 3347 998 3423 inscriptionum
1021 3365 1096 3424 quae
1120 3357 1275 3406 servantur
1296 3344 1401 3406 Casini
1424 3347 1455 3404 in
1478 3365 1540 3405 mo·

207 3451 353 3520 nesterio,
376 3450 528 3508 Avezzani
544 3447 666 3527 Capuae
681 3448 813 3526 Neapoli
834 3450 957 3509 Tarenti
980 3451 1010 3508 in
1032 3451 1141 3509 muscis
1162 3451 1228 3526 ipse
1251 3449 1312 3507 vidi
1334 3459 1363 3506 et
1383 3449 1540 3526 descripsi,

207 3553 335 3612 aliarum
360 3561 467 3627 ectypa
488 3551 646 3610 chartaceo
667 3553 747 3628 quod
769 3553 853 3629 potui
875 3553 1011 3612 conferre
1032 3552 1204 3610 liberalitati
1225 3550 1319 3610 debeo
1342 3568 1454 3624 eorum,
1476 3551 1541 3627 qui·

207 3657 264 3713 hus
293 3654 410 3712 Romae
436 3672 533 3711 rerum
561 3653 750 3730 antiquarum
776 3655 945 3731 artiumque
970 3653 1139 3712 liberalium
1167 3672 1238 3712 cura
1265 3653 1376 3711 trudito
1400 3660 1460 3725 est,
1487 3652 1540 3709 im·

208 3757 316 3834 primis
343 3755 438 3814 Felici
466 3754 645 3815 Barnaheio.
695 3755 869 3815 Nonnullae
899 3755 1026 3833 denique
1056 3775 1074 3813 a
1099 3757 1173 3816 viris
1201 3755 1295 3814 doctis
1323 3755 1404 3814 hisce
1432 3754 1540 3813 studiis

207 3859 382 3917 faventibus
405 3857 591 3917 Mommseno
614 3858 741 3934 aliisque
765 3856 909 3936 Corporis
930 3858 1094 3917 editoribus
1117 3860 1226 3918 urissae
1248 3867 1326 3916 sunt.

251 3962 290 4020 In
306 3959 447 4036 exemplo
462 3961 592 4035 quodam
607 3961 740 4038 sylloges
763 3961 989 4036 inscriptionum
1005 3961 1269 4020 Fleetwoodianae
1285 3958 1427 4034 (Londiu.
1448 3958 1541 4034 1691)

208 4065 282 4122 olim
305 4063 350 4121 Io.
372 4062 497 4120 Antonii
520 4077 664 4122 cassrrrrr
686 4062 737 4137 (cl.
761 4062 819 4120 vol.
835 4062 882 4120 IX
905 4084 934 4139 p.
954 4063 1025 4138 100)
1047 4063 1215 4141 adscriptos
1238 4080 1305 4121 esse
1327 4061 1430 4120 titulos
1452 4079 1542 4139 paga-

209 4185 265 4225 nos
290 4176 320 4223 et
343 4164 523 4223 christianos
546 4165 657 4223 multos
679 4165 716 4223 ab
738 4165 804 4241 ipso
827 4163 972 4224 Cassittio
995 4165 1160 4242 descriptos
1183 4173 1285 4224 auctor
1307 4173 1353 4223 est
1375 4181 1542 4240 anonymus

209 4270 240 4326 in
271 4266 464 4344 ephemeride
492 4268 522 4324 lu
546 4266 650 4324 Cioibd
677 4267 810 4325 cottolicu
831 4286 878 4343 qu.
895 4267 956 4325 910
971 4266 1082 4341 (1890)
1105 4287 1133 4343 p.
1150 4267 1339 4337 474-4813
1368 4266 1421 4325 sed
1447 4283 1543 4340 neque

209 4373 259 4429 ubi
284 4371 360 4429 liber
380 4380 529 4439 servetur,
552 4369 694 4440 enuntiat,
717 4386 811 4444 neque
833 4371 992 4446 quicquam
1015 4369 1084 4427 inde
1105 4369 1218 4444 profert
1240 4370 1297 4428 nisi
1319 4369 1436 4426 titulum
1459 4366 1543 4426 Fior.

212 4473 295 4530 1915
317 4472 427 4529 aetatis
450 4471 570 4529 infimae
592 4481 622 4529 et
643 4470 681 4528 ab
702 4470 758 4528 huc
780 4471 898 4547 sylloge
920 4472 1057 4529 alienum.

253 4573 379 4634 Subicio
403 4574 520 4631 brevem
544 4573 765 4650 ephemeridum
787 4583 817 4630 et
838 4573 981 4632 librorum
1004 4575 1161 4651 praecipue
1184 4574 1384 4632 adhibitorum
1405 4572 1542 4631 indicem.

211 4680 309 4735 Acta
331 4690 517 4733 cussanus
534 4701 570 4724 =
588 4676 653 4733 Aut
675 4675 753 4734 dello
775 4680 965 4734 corumisuionc
987 4680 1189 4735 conservaturos
1204 4677 1250 4734 dci
1263 4679 1431 4734 ruonumeuti
1446 4677 1482 4732 sd
1495 4695 1544 4750 op-

297 4782 366 4854 9etti
392 4778 422 4834 di
451 4778 623 4836 anticlitde
650 4777 720 4835 belle
748 4782 806 4837 orti
832 4778 909 4836 uella
932 4782 1082 4853 prouincia
1107 4779 1139 4836 di
1165 4778 1253 4836 Terra
1274 4780 1305 4837 di
1332 4780 1441 4836 lavoro.
1486 4775 1544 4836 Ca-

300 4893 409 4938 sertue.
456 4880 535 4938 1882
557 4880 774 4955 plat-199.
822 4880 1038 4939 1883-1890.

214 4989 304 5041 Aure
326 4998 347 5039 n
369 4996 483 5040 eroum
503 4983 668 5058 ephemeris
684 4982 858 5041 Florentino
880 4982 958 5043 editu
981 5003 1000 5042 a
1016 4981 1115 5044 Guido
1132 4982 1256 5043 Carocci
1279 5003 1305 5042 a.
1325 4981 1543 5042 1882-1890.

301 5084 379 5143 Eam
402 5083 522 5143 adhibui
543 5083 582 5143 ad
604 5085 776 5145 auctarium.

214 5193 298 5248 Arrr
322 5187 402 5245 della
423 5187 512 5245 Reate
532 5187 704 5246 Accudcmiu
732 5189 762 5247 di
787 5188 890 5249 orchea
1135 5208 1140 5244 r
1167 5188 1239 5249 belle
1259 5193 1324 5248 arti.
1373 5189 1453 5249 Voll.
1469 5188 1544 5261 ΧΠ,

298 5289 391 5347 Xlll.
436 5287 533 5366 Neap.
579 5289 800 5350 1884-1889.

255 5410 453 5471 Ernuunrus
468 5424 573 5468 error.
595 5426 666 5470 rou.
678 5410 764 5472 v111.
1306 5416 1318 5470 l
