3472 5828
209 549 282 619 244
830 568 929 620 scus

209 742 422 815 similibusque,
448 744 516 801 aliis
538 742 719 816 sacerdotes,
743 754 775 800 ut
795 743 829 800 fit
851 753 881 800 et
902 744 931 799 in
952 742 1047 801 sacris
1062 742 1220 801 Arvalium
1243 751 1272 801 et
1286 743 1317 800 in
1333 741 1536 801 saecularibus

208 842 368 921 nostris¹).
414 845 539 902 Publica
561 846 737 903 auctoritate
761 853 819 902 tam
842 846 872 902 hi
895 845 958 902 ludi
980 845 1054 903 fiunt
1075 864 1164 921 quam
1188 845 1243 916 illi,
1265 855 1383 902 etcum
1405 843 1445 903 ad
1468 851 1536 901 vota

207 949 268 1007 ludi
291 966 393 1007 omnes
415 948 477 1005 sere
499 947 621 1006 redeant
643 958 701 1005 tam
725 947 815 1006 semel
838 947 909 1005 sacti
931 965 1021 1022 quam
1044 948 1073 1005 in
1097 958 1270 1025 perpetuum
1293 945 1439 1018 faciendi,
1470 946 1536 1023 ipso

208 1069 243 1108 eo
265 1063 333 1109 voto
357 1060 500 1109 statutum
523 1050 561 1107 sit
583 1067 705 1108 necesse
727 1060 787 1120 est,
816 1069 869 1126 per
891 1067 966 1125 quos
991 1062 1090 1108 votnm
1114 1049 1289 1108 solveretur.
1334 1048 1369 1106 In
1391 1046 1536 1107 faciendis

207 1156 286 1212 votis
309 1163 435 1230 excepto
457 1170 572 1210 summo
595 1153 673 1210 veris
697 1153 774 1210 sacri
800 1152 902 1230 populi
926 1159 1026 1227 partes
1048 1152 1147 1210 nullae
1170 1160 1254 1222 sunt,
1283 1151 1335 1209 sed
1357 1150 1395 1209 de
1416 1149 1536 1209 minori·

207 1256 262 1314 bus
285 1256 422 1313 decidunt
445 1255 637 1330 magistratus
660 1254 727 1326 soli,
750 1253 787 1313 de
810 1256 973 1313 maioribus
996 1264 1025 1312 et
1047 1254 1175 1312 maxime
1191 1253 1227 1312 de
1243 1254 1337 1311 sacris
1359 1263 1537 1329 perpetuan-

207 1357 253 1416 dis
277 1358 364 1415 iidem
388 1358 546 1433 adsumpto
569 1367 674 1415 senatu
698 1354 892 1432 (Staatsrscltt
915 1358 942 1428 3,
965 1356 1068 1432 1058).
1105 1357 1209 1431 Itaque
1232 1355 1392 1431 collegium
1415 1354 1536 1431 aliquod

208 1461 394 1519 sacerdotum
416 1479 481 1518 cum
505 1479 543 1517 ex
566 1470 635 1517 voto
657 1475 745 1516 sacra
771 1458 919 1535 ludosque
941 1460 1027 1532 facit,
1053 1457 1250 1535 praecesserit
1273 1473 1395 1516 necesse
1418 1467 1480 1528 est,
1508 1465 1537 1514 ut

207 1574 273 1621 acta
299 1562 453 1622 Arvalium
488 1562 595 1620 alicubi
629 1561 797 1631 enuntiant,
831 1565 926 1621 iussus
959 1562 1102 1621 consulum
1131 1572 1157 1619 et
1184 1569 1299 1618 servatas
1327 1557 1537 1636 consultura’).

205 1664 284 1723 Ludi
307 1665 474 1723 saeculares
497 1682 563 1721 curn
584 1663 644 1721 voti
667 1673 719 1722 aut
738 1672 839 1722 essent
860 1675 911 1722 aut
932 1682 999 1722 esse
1020 1665 1201 1741 fingerentur
1217 1661 1366 1721 anteriore
1388 1670 1488 1721 aetate
1509 1662 1537 1720 in

205 1777 381 1844 perpetuom
403 1769 460 1838 ita,
488 1776 521 1824 ut
542 1766 767 1842 quindecimviri
791 1784 842 1824 eos
865 1766 962 1824 facere
984 1767 1164 1837 iuberentur,
1190 1765 1249 1822 iam
1273 1774 1305 1823 ut
1326 1781 1382 1823 suo
1405 1772 1538 1842 tempore

205 1878 284 1927 recte
312 1871 468 1928 ederentur
493 1869 599 1926 horum
626 1888 697 1926 cura
722 1875 793 1926 crat.
838 1868 873 1925 Id
899 1869 1049 1944 quomodo
1082 1869 1198 1927 executi
1228 1867 1302 1940 sint,
1335 1874 1403 1926 acta
1431 1867 1537 1926 aetatis

205 1976 360 2049 Augustae
383 1990 458 2048 (quae
480 1971 623 2028 habemus
652 1988 711 2029 noa
736 1969 932 2046 patefaciunt,
959 1971 1097 2047 quoniam
1125 1971 1207 2045 prior
1227 1989 1299 2048 pars
1321 1989 1425 2029 eorum
1448 1968 1536 2029 hodie

206 2074 400 2132 desideratur.
437 2071 507 2133 Sine
529 2075 612 2131 iussu
636 2073 754 2150 publico
776 2090 828 2130 eos
851 2073 913 2131 fieri
937 2092 995 2131 non
1018 2074 1152 2151 potuisse
1174 2073 1362 2132 manifestum
1384 2083 1446 2132 est:
1470 2092 1536 2131 narn

206 2194 383 2251 quamquam
407 2185 458 2234 aut
474 2176 534 2233 voti
556 2185 641 2233 erant
656 2175 725 2233 olim
749 2175 833 2233 libris
850 2174 985 2252 Sibyllae
1006 2176 1148 2253 inspectis
1169 2175 1287 2252 publice
1308 2175 1338 2233 in
1360 2182 1536 2252 perpetuum

206 2280 237 2336 in
259 2298 367 2336 annurn
390 2286 500 2336 certum
524 2285 575 2336 aut
597 2296 662 2336 esse
685 2278 911 2351 simulabantur,
940 2288 972 2336 ot
993 2296 1084 2356 supra
1105 2279 1243 2354 exposui,
1265 2287 1344 2337 certe
1368 2277 1429 2335 voti
1452 2287 1537 2337 erant

204 2380 236 2437 in
258 2380 334 2438 diem
362 2381 503 2438 incertum
531 2390 560 2438 ct
586 2383 615 2438 in
643 2380 764 2440 edendis
790 2381 836 2439 bis
865 2381 939 2439 adeo
961 2381 998 2437 ab
1020 2399 1099 2439 anno
1120 2379 1173 2436 illo
1195 2381 1360 2439 discessum
1383 2389 1430 2438 est
1456 2378 1535 2438 ludis

205 2501 284 2541 anno
308 2502 366 2541 nno
384 2483 565 2557 anticipatis,
588 2502 648 2558 qua
670 2483 706 2540 do
728 2502 760 2541 re
781 2484 861 2541 inira
876 2484 998 2542 dicetur.
1032 2481 1150 2541 XVviri
1173 2494 1270 2540 autem
1293 2483 1351 2540 etsi
1373 2481 1536 2541 secundum

206 2596 272 2644 acta
295 2587 367 2643 baec
390 2585 425 2643 dc
447 2584 526 2642 ludis
547 2604 623 2643 uvore
637 2585 830 2662 casernploqae
844 2591 984 2644 maloram
999 2585 1121 2643 edendis
1140 2585 1306 2642 contionem
1330 2581 1536 2659 habuerunt³)

205 2700 234 2748 et
256 2690 375 2763 saepius
399 2687 433 2744 dc
457 2687 494 2744 iis
521 2687 732 2762 edixerunt⁴)‚
763 2707 821 2746 nori
850 2688 948 2747 solum
975 2687 1079 2746 edictis
1106 2687 1167 2745 suis
1195 2687 1369 2762 plerumque
1399 2686 1535 2745 homines

206 2793 452 2866 commonefaciunt
473 2789 515 2862 (v.
532 2789 586 2863 65)
609 2801 638 2846 ct
659 2791 795 2848 nuntiant
817 2791 912 2866 magis
934 2809 1021 2866 quam
1045 2789 1155 2859 iubent,
1178 2790 1232 2847 sed
1250 2789 1338 2848 etiam
1354 2789 1403 2847 ubi
1424 2788 1536 2859 iubent,

204 2893 235 2950 id
257 2893 381 2951 fecerint
402 2908 526 2949 necesse
548 2901 593 2948 est
616 2893 720 2949 muniti
743 2894 920 2951 auctoritate
942 2893 1043 2968 aliqua
1062 2910 1129 2951 vere
1150 2892 1281 2968 publica,
1304 2893 1366 2950 sine
1388 2909 1451 2967 qua
1472 2890 1536 2950 fieri

205 3016 265 3070 non
286 2996 396 3072 potuit,
423 3003 454 3052 nt
477 2993 575 3051 triduo
597 2993 664 3061 illo,
691 3012 749 3069 quo
773 2995 834 3053 ludi
860 2995 1036 3086 ductisunt,
1060 2995 1157 3069 feriae
1182 2993 1318 3070 publicae
1341 2992 1487 3069 essent⁵)
1508 3001 1538 3053 et

204 3097 272 3156 lites
288 3098 474 3172 quiescerent
497 3094 538 3172 (v.
558 3096 604 3152 13.
624 3095 683 3169 14).
718 3097 791 3153 Item
808 3116 872 3154 cum
890 3099 1057 3155 denuntiant
1077 3096 1223 3155 matribus
1239 3096 1368 3154 familias
1384 3093 1443 3155 CX
1466 3115 1537 3174 pne·

205 3200 306 3275 risque
329 3208 358 3257 et
381 3199 488 3274 puellis
511 3197 643 3274 septenis
669 3197 788 3270 vicenis,
810 3199 840 3255 id
860 3200 1032 3256 vocabulum
1055 3198 1176 3256 omnino
1199 3198 1241 3257 ita
1262 3198 1468 3275 accipiendum
1491 3208 1538 3258 est

206 3315 239 3360 ut
261 3301 404 3378 accipitur
427 3302 456 3358 in
479 3301 618 3369 testibus;
645 3311 756 3376 cogunt
777 3301 867 3377 igitur
887 3301 1029 3377 legitime,
1052 3310 1084 3358 at
1105 3319 1162 3359 non
1186 3320 1240 3359 sua
1261 3300 1327 3359 sola
1348 3301 1537 3360 anctoritate.

205 3407 321 3462 Auctor
342 3413 439 3461 antem
463 3402 492 3459 in
515 3423 551 3461 ea
573 3424 604 3462 re
619 3402 750 3460 XVviris
773 3421 838 3459 curn
863 3420 1009 3461 essenon
1033 3403 1162 3479 potuerit
1182 3404 1241 3461 nisi
1265 3412 1317 3460 aut
1339 3414 1462 3461 senatus
1486 3412 1539 3461 ant

205 3507 353 3583 princeps,
377 3505 545 3565 decrevisse
567 3506 603 3563 de
624 3504 702 3562 ludis
718 3504 840 3562 edendis
856 3516 990 3564 senatum
1013 3506 1071 3564 iam
1094 3506 1277 3583 patefaciunt
1291 3515 1356 3564 acta
1372 3504 1538 3566 Severiana

284 3870 306 3931 ¹)
336 3871 507 3935 Reperinntur
520 3872 595 3919 etiam
616 3886 690 3921 sacra
709 3872 776 3921 inter
788 3871 930 3920 sacerdotes
950 3880 975 3920 et
994 3872 1155 3936 magistratus
1173 3872 1210 3921 ita
1222 3872 1311 3934 divisa,
1333 3880 1359 3920 ut
1379 3871 1416 3921 illi
1437 3871 1539 3924 hostias

205 3963 347 4024 immolent,
368 3963 394 4012 bi
414 3963 482 4012 ludis
501 3963 623 4027 praesint..
662 3964 701 4012 Ita
722 3963 747 4012 in
767 3964 880 4013 carmine
899 3964 1041 4025 Marciano,
1062 3965 1202 4013 secundnm
1222 3964 1290 4028 quod
1311 3964 1478 4029 Apollinaris
1497 3968 1538 4016 in·

205 4057 293 4105 stituta
312 4064 378 4117 sunt,
399 4058 550 4105 ordinantur
563 4057 612 4104 sic:
633 4053 673 4102 lia
690 4053 756 4102 ludis
767 4054 900 4117 Jitcieudia
913 4057 1029 4122 praeerit
1044 4064 1151 4123 praetor
1169 4057 1192 4105 r'a
1211 4057 1254 4122 qui
1272 4057 1311 4104 ias
1327 4056 1421 4123 populo
1437 4056 1538 4124 plebei-

205 4164 250 4215 que
270 4146 340 4197 daln't
360 4165 489 4205 arcariorum
509 4147 642 4196 decemviri
663 4145 759 4196 Graeco
778 4149 829 4196 ritu
848 4146 937 4198 hostiis
955 4164 1031 4197 suern
1041 4148 1149 4211 sociarat
1168 4149 1422 4211 (biv.25,12,10).

282 4238 305 4301 2)
334 4240 632 4301 Actaa.371an.23;
658 4239 690 4289 cf.
711 4241 881 4290 alternabit
902 4241 1019 4290 Ianll.
1058 4239 1215 4291 Stoutsreclrt
1236 4239 1278 4302 2³,
1301 4241 1361 4291 135.

281 4330 304 4394 3)
335 4336 459 4382 Actorum
480 4349 502 4381 v.
522 4332 568 4393 aa,
596 4332 628 4381 cs.
649 4332 738 4380 Festus
763 4348 802 4396 ep.
823 4348 847 4395 p.
862 4333 909 4381 38:
939 4335 1020 4382 contio
1046 4335 1173 4400 significat
1196 4340 1351 4395 corre-entant,
1378 4350 1426 4383 aon
1455 4343 1538 4386 tamea

204 4425 280 4474 alirnn
300 4443 372 4491 quam
392 4442 444 4475 cnm
464 4426 507 4490 qai
526 4441 542 4473 u
561 4426 711 4489 magistrata
732 4425 770 4472 rel
787 4424 917 4474 sacerdote
935 4423 1038 4492 publico
1059 4443 1108 4492 per
1124 4441 1270 4493 praeconem
1291 4433 1451 4476 convocatur.
1492 4429 1537 4479 Ius

204 4519 369 4567 contionandi
395 4518 562 4582 edicendique
582 4517 743 4566 sacerdotum
763 4532 811 4581 ego
832 4515 991 4568 Staatsreclt
1012 4521 1035 4579 1,
1057 4520 1117 4568 200.
1139 4520 1192 4568 204
1218 4518 1333 4568 terminis
1357 4519 1435 4570 nimis
1455 4535 1536 4586 augu-

203 4612 249 4659 stis
268 4611 380 4660 conclusi
401 4612 448 4660 soli
469 4610 582 4674 pontifici
604 4610 717 4659 maximo
739 4609 764 4658 id
786 4610 933 4659 attribuens.

279 4701 303 4764 ⁴)
333 4704 504 4768 Praescriptio
525 4710 626 4751 serrata
646 4711 682 4750 est
702 4709 815 4751 actorum
837 4719 859 4752 v.
875 4705 909 4753 64
929 4711 954 4752 et
971 4704 1033 4753 154:
1054 4699 1179 4765 XVairlr)
1199 4702 1301 4764 s(acra‘a)
1318 4702 1476 4768 slaciurrda'a)
1496 4704 1535 4754 di-

203 4803 271 4857 eant;
298 4803 472 4845 memorantur
495 4796 578 4844 edicta
599 4810 621 4843 v.
637 4795 680 4843 24.
701 4794 744 4842 40.
765 4795 808 4845 46.
832 4797 895 4851 162ς
924 4812 947 4843 v.
962 4798 997 4845 80
1020 4796 1093 4844 adest
1116 4796 1251 4845 exordium
1277 4793 1385 4857 Monam)
1402 4796 1533 4860 fluctuor),

203 4889 234 4936 de
260 4903 310 4952 quo
331 4888 399 4936 infra
418 4904 441 4951 p.
458 4889 510 4937 255
531 4889 612 4937 not.l
636 4886 730 4935 (lictum
751 4896 797 4936 est.
818 4915 850 4924 -
871 4889 901 4937 In
922 4888 985 4937 actis
1004 4888 1150 4940 Severianis
1170 4887 1259 4937 edictis
1285 4888 1353 4952 qnod
1379 4890 1532 4953 praescribi·

203 4990 254 5029 tur:
275 4982 331 5046 imp.
350 4977 444 5030 Caesar
534 4978 640 5029 Set-erus
664 5016 689 5030 ..
715 4987 738 5028 et
758 4981 814 5045 imp.
832 4980 927 5028 (besua
946 5015 973 5028 ..
993 4980 1135 5029 Atalantam
1154 4977 1189 5041 [et
1210 4977 1272 5028 Geta
1295 4977 1400 5044 Caesar]
1421 4998 1475 5030 cnm
1495 4996 1531 5030 ce·

203 5074 262 5121 teria·
282 5069 309 5120 X
315 5069 399 5121 latria
417 5090 437 5122 a.
455 5072 481 5136 s.
501 5072 587 5123 dicuat
611 5089 667 5123 cum
693 5071 811 5122 formulis
835 5080 978 5136 temporum
1005 5088 1106 5138 quoque
1130 5073 1298 5122 mutationem
1322 5073 1466 5125 luculenter
1489 5075 1531 5124 de·

202 5167 291 5216 clarat.

279 5257 301 5319 ⁵)
331 5260 455 5309 Actorum
476 5259 558 5309 aas.
593 5257 633 5308 cf.
651 5255 808 5308 stratores-tr
828 5259 852 5319 2,
869 5257 919 5308 135
941 5265 993 5307 not.
1008 5259 1033 5308 5.
1068 5319 1077 5337 ·
