3472 5828
572 608 748 659 nvnoavn
776 608 1051 663 sasovuamvn.
1407 589 1478 662 tat

154 709 401 719 *nu—-
408 712 422 718 ..
429 710 611 718 ----.--.-.

154 784 357 843 terminantur.
400 782 560 859 Reliquiae
589 792 621 841 ut
648 803 701 842 nec
729 783 764 841 de
793 785 889 867 forma
915 783 1052 842 dubitare
1080 784 1220 859 sinunt¹)
1253 803 1307 843 nec
1333 784 1369 843 de
1395 803 1481 864 argu-

155 894 266 958 mento,
297 887 339 944 ita
365 886 561 961 praecesserit
588 903 708 944 necesse
735 895 781 944 εει
807 887 956 944 decretum
984 886 1013 943 id
1040 887 1076 944 de
1106 904 1164 962 quo
1191 886 1321 945 diximus
1350 897 1480 959 senatus,

154 990 231 1064 quod
248 985 418 1065 Augustum
442 989 562 1047 iubebat
577 989 796 1046 ordinationem
818 1006 970 1047 sacrorum
994 989 1156 1066 suscipere.
1190 986 1356 1048 Secundum
1378 989 1407 1047 id
1430 991 1481 1049 de·

152 1101 263 1150 cretum
278 1094 433 1170 Augustus
456 1092 512 1149 hac
534 1091 661 1166 epistula
683 1091 721 1147 ad
736 1091 891 1167 collegium
913 1092 1025 1167 scripta
1047 1091 1125 1149 ludis
1147 1091 1274 1149 formam
1296 1102 1325 1149 et
1347 1111 1479 1151 normam

152 1194 241 1252 dedit.
285 1193 398 1251 Eodem
426 1204 504 1251 recte
530 1193 683 1265 referetur,
711 1194 789 1269 quod
813 1202 888 1252 teste
910 1193 1032 1252 Zosimo
1054 1193 1200 1252 sacrificia
1221 1194 1369 1253 ordinavit
1395 1196 1479 1254 iussu

152 1296 279 1373 Augusti
296 1295 402 1354 Ateius
418 1294 526 1372 Capito
548 1296 620 1354 iuris
643 1297 720 1354 sacri
744 1296 951 1370 peritissimus.
969 1328 1009 1338 —
1028 1295 1106 1354 'Dies
1128 1296 1274 1370 epistulae
1297 1298 1404 1368 deficit,
1427 1298 1479 1356 sed

152 1399 230 1475 quod
259 1399 393 1473 sequitur
415 1398 542 1456 edictum
572 1417 637 1456 cum
665 1399 805 1456 scribitur
831 1401 924 1456 eodem
949 1401 995 1456 die
1020 1399 1204 1475 propositum
1233 1417 1312 1470 esse,
1342 1401 1479 1476 proposi·

151 1514 213 1559 turn
235 1509 333 1559 autem
356 1509 402 1559 est
425 1521 451 1557 a.
475 1500 501 1556 d.
521 1500 597 1558 Vlll
620 1503 650 1560 k.
668 1503 753 1577 Apa,
777 1500 888 1575 scripta
909 1502 949 1560 sit
969 1518 1091 1559 necesse
1113 1508 1160 1559 est
1182 1502 1258 1560 inter
1278 1502 1367 1561 Febr.
1389 1503 1424 1560 17
1448 1512 1478 1561 ει

152 1604 237 1663 Mart.
257 1602 305 1661 tt.

234 1704 375 1781 Sequitur
397 1706 523 1763 edictum
546 1726 573 1763 v.
591 1704 721 1764 tt-ts
745 1707 837 1765 eodem
858 1709 917 1777 die,
945 1715 976 1765 ut
998 1707 1075 1778 dixi,
1103 1707 1303 1783 propositum,
1330 1727 1389 1784 quo
1410 1727 1476 1768 oum

151 1810 278 1888 populus
304 1808 445 1866 doceatur
467 1809 618 1883 quomodo
646 1807 706 1865 ludi
734 1809 901 1867 celebrandi
928 1810 1000 1882 sint,
1028 1827 1064 1869 ea
1089 1819 1186 1868 autem
1212 1828 1288 1884 quae
1314 1819 1477 1885 sequuntur

151 1931 232 1971 suam
259 1911 523 1988 praescriptionem
551 1910 680 1968 habeant
704 1912 859 1986 nequead
883 1912 1010 1970 edictum
1032 1911 1105 1969 illud
1133 1912 1313 1988 pertineant,
1341 1912 1476 1971 doctrina

148 2015 200 2073 illa
223 2012 318 2091 magis
341 2032 379 2070 ex
402 2014 529 2088 epistula
545 2013 625 2070 venit
646 2031 735 2088 quam
758 2033 795 2072 ex
811 2014 907 2071 edicto
930 2013 1177 2090 statuendamque
1198 2015 1253 2072 erit
1274 2016 1475 2090 praecessisse

148 2118 224 2176 diem
247 2135 305 2175 uon
327 2115 475 2193 epistulae
498 2117 638 2192 scriptae,
660 2116 713 2173 sed
736 2117 882 2174 sessionis
903 2115 1031 2192 collegii,
1062 2118 1091 2174 in
1114 2135 1174 2192 qua
1195 2117 1322 2192 epistula
1344 2135 1379 2175 ea
1401 2118 1475 2175 reci·

149 2230 210 2278 tata
231 2231 291 2290 est,
319 2230 347 2277 et
370 2219 538 2278 decrevisse
560 2218 732 2296 collegium,
761 2229 792 2276 ut
818 2218 946 2293 epistula
972 2237 1039 2277 cum
1062 2219 1194 2277 subiecto
1217 2219 1332 2296 collegii
1356 2220 1474 2278 decreto

146 2323 264 2398 publice
285 2330 510 2399 proponeretur.

228 2425 391 2483 Decretum
414 2424 532 2501 collegii
557 2443 582 2479 v.
600 2422 731 2481 29-36
758 2423 837 2498 quod
864 2424 998 2498 sequitur
1024 2442 1090 2481 cum
1118 2424 1227 2482 habeat
1253 2443 1362 2483 anuum
1389 2445 1472 2501 prae·

147 2528 286 2604 scriptum
311 2528 397 2586 isdem
418 2525 651 2600 co(n)a(alibus),
681 2527 770 2583 isdem
797 2525 970 2601 raap(iatris)
993 2524 1176 2599 XVeir(nm)
1204 2525 1323 2602 a(acria)
1345 2527 1473 2602 siccisn-

147 2631 215 2707 dr's),
238 2630 301 2689 dies
317 2629 432 2687 videtur
448 2646 518 2686 casn
541 2639 592 2685 aut
613 2628 728 2702 positus
751 2628 845 2686 luisse
868 2628 932 2684 loco
948 2645 1006 2684 non
1023 2646 1076 2686 suo
1093 2638 1144 2686 aut
1166 2629 1312 2698 omissns;
1333 2630 1385 2706 qui
1407 2632 1472 2689 dies

144 2732 233 2792 luerit
254 2750 377 2790 necesse
398 2742 443 2788 est
464 2731 540 2788 inter
561 2730 651 2788 Febr.
672 2731 708 2789 18
731 2740 760 2788 et
782 2730 870 2788 Mart.
887 2729 935 2786 24.
971 2728 1114 2788 Decernit
1135 2731 1292 2806 collegium
1315 2731 1352 2788 de
1374 2733 1472 2790 distri·

145 2835 263 2893 batione
286 2834 520 2892 suffimentorum
544 2845 573 2890 et
595 2835 766 2909 acceptione
788 2833 916 2909 frugum.

226 2937 387 2995 Decretum
415 2937 471 2993 hoc
498 2936 610 3011 excipit
631 2956 659 2993 v.
677 2936 808 2992 37-45
838 2936 963 2992 alterum
991 2935 1108 3011 collegii
1137 2935 1248 2994 factum
1275 2935 1321 2994 die
1338 2935 1413 2993 Vlll
1440 2938 1470 2995 k.

146 3042 215 3115 Apr.
240 3064 276 3088 =
301 3039 388 3095 Mart.
405 3037 458 3108 ιδ,
485 3038 592 3112 quibus
615 3038 843 3096 subscribuntur
864 3037 984 3095 uomina
1005 3056 1106 3095 eorum
1130 3039 1180 3113 qui
1204 3038 1368 3096 adfuerunt.
1411 3037 1471 3100 Sed

145 3143 172 3199 in
194 3141 327 3200 sessione
350 3159 385 3197 ea
407 3140 477 3215 quid
502 3139 633 3198 additum
656 3140 696 3196 sit
717 3151 806 3198 antea
827 3139 963 3209 decretis,
985 3159 1090 3215 parum
1113 3149 1237 3216 apparet
1259 3152 1381 3215 propter
1403 3143 1470 3200 reli·

145 3245 277 3319 quiarum
305 3242 479 3299 exilitatem.
522 3241 622 3299 Locus
650 3242 806 3311 indicatur,
836 3242 883 3298 ubi
912 3261 948 3299 ea
970 3251 1048 3299 certe
1070 3242 1118 3299 die
1143 3241 1300 3318 collegium
1322 3245 1468 3316 corrvenit,

145 3346 193 3403 sed
216 3364 273 3420 pro
301 3345 370 3401 cecla
474 3344 552 3419 quod
582 3354 717 3421 superest
744 3364 801 3401 non
831 3345 973 3402 habemas
995 3344 1144 3418 quomodo
1166 3345 1350 3419 expleamus.
1390 3343 1468 3405 Con·

144 3446 295 3505 serendum
330 3456 373 3504 est
405 3447 483 3520 quod
517 3447 558 3503 ait
586 3444 692 3504 Cicero
720 3447 851 3521 Philipp.
876 3446 908 3518 3,
936 3449 986 3519 ll,
1011 3447 1063 3503 77:
1098 3448 1197 3503 sedens
1229 3465 1281 3520 pro
1314 3449 1383 3505 aede
1412 3446 1468 3507 Ca-

144 3554 225 3607 storis
242 3547 355 3622 (lirit2)
379 3560 408 3606 et
428 3549 506 3623 quod
524 3549 652 3606 Arvales
676 3568 761 3607 sacra
782 3549 915 3606 indicunt
936 3558 965 3605 ει
980 3548 1049 3604 alibi
1072 3559 1101 3605 et
1122 3552 1152 3605 in
1170 3566 1283 3623 pronao
1298 3551 1378 3607 aeriis
1397 3550 1466 3610 Con-

144 3653 264 3709 cordiae.
298 3648 431 3726 Cogitari
454 3651 563 3725 poterit
585 3651 620 3707 de
643 3671 712 3708 area
734 3660 801 3709 ante
824 3652 926 3708 aedem
950 3650 1102 3724 Apollinis
1127 3649 1265 3722 Palatini,
1288 3653 1315 3708 in
1338 3670 1399 3726 qua
1422 3651 1467 3714 si·

144 3754 238 3829 byllae
261 3754 393 3810 carmina
415 3771 449 3809 eo
473 3762 606 3827 tempore
629 3754 872 3810 custodiebantur
894 3764 923 3810 et
945 3753 993 3809 ubi
1011 3750 1114 3813 Severi
1136 3763 1268 3828 tempore
1291 3756 1467 3813 convenisse

142 3856 282 3914 XVviros
311 3866 377 3912 acta
404 3854 499 3912 altera
527 3866 683 3925 testantar3
718 3857 769 3913 sed
796 3855 895 3913 sedem
920 3857 986 3932 lege
1012 3856 1103 3913 fixam
1131 3847 1286 3932 collegium
1309 3857 1464 3915 XVvirum

142 3967 235 4017 aetate
252 3957 381 4032 Augusti
404 3976 462 4014 non
486 3959 581 4032 magis
597 3959 713 4015 videtur
733 3959 873 4016 babuisse
896 3977 984 4034 quam
1007 3958 1173 4016 habuerunt
1187 3959 1323 4016 Arvales.
1357 3961 1466 4036 Agitur

141 4061 244 4120 deinde
261 4061 296 4118 de
314 4059 409 4116 triduo
432 4059 579 4131 ludorum,
602 4061 680 4135 quod
704 4072 802 4119 tamen
826 4063 854 4118 in
878 4061 944 4137 ipsa
965 4060 1125 4119 indictione
1142 4060 1272 4119 nuntiari
1288 4061 1389 4119 debuit
1410 4082 1465 4122 nec

140 4177 198 4223 tum
214 4165 330 4221 demum
347 4161 510 4219 stabilitum
527 4173 579 4219 est.
613 4162 750 4220 Edictum
766 4161 922 4221 XVvirum
944 4163 1023 4238 quod
1046 4164 1180 4239 sequitur
1202 4184 1228 4220 r.
1245 4163 1375 4221 itt-tt)
1398 4183 1464 4223 cum

140 4267 213 4324 diem
237 4284 322 4324 suum
345 4284 403 4322 non
430 4264 550 4336 habeat,
578 4264 733 4339 probabile
756 4275 801 4323 est
825 4265 873 4322 die
900 4265 1043 4324 sessionis
1072 4266 1150 4323 illins
1176 4266 1360 4341 propositum
1387 4285 1462 4325 esse.

138 4369 242 4445 ltaque
266 4386 332 4425 cum
356 4365 481 4423 edictum
511 4368 657 4442 pertineat
680 4366 717 4423 ad
740 4366 934 4425 ordinandam
958 4367 1194 4426 distributionem
1218 4367 1462 4441 suffimeutorum,

138 4472 172 4529 ad
195 4490 261 4528 eam
286 4469 371 4526 etiam
396 4479 462 4525 acta
484 4469 583 4542 aliquo
607 4469 693 4526 modo
718 4470 851 4528 videntur
873 4470 1060 4544 pertinuisse.
1104 4471 1151 4529 De
1177 4472 1245 4545 ipsa
1267 4489 1298 4526 re
1321 4470 1397 4528 inira
1419 4472 1462 4529 vi-

136 4573 274 4631 debimus.

215 4675 271 4732 His
299 4676 455 4732 subiuncta
482 4687 550 4731 sunt
578 4682 699 4733 senatus
725 4675 861 4732 consulta
888 4675 948 4732 duo
974 4679 1086 4732 maiore
1114 4696 1151 4734 ex
1180 4689 1263 4754 parte
1289 4679 1346 4736 iam
1373 4690 1461 4739 autea

136 4790 211 4850 nota,
236 4778 415 4854 pertinentia
437 4777 473 4834 ad
498 4777 581 4835 ludos
605 4778 800 4835 instanteset
822 4788 981 4854 propterea
1002 4797 1068 4836 cum
1087 4778 1213 4856 collegio
1236 4781 1277 4839 ita
1298 4784 1459 4841 communi·

139 4925 309 4933 -...-.‚-..-.-
320 4927 338 4931 .-

208 5019 230 5078 ¹)
263 5022 285 5067 l.
308 5022 322 5068 ἔ)
349 5035 392 5068 ros
412 5045 444 5053 —
467 5021 490 5069 6.
513 5023 526 5069 8
554 5020 659 5071 labentia
679 5048 711 5055 -
734 5023 766 5072 13
786 5022 951 5072 memineritis.
989 5021 1098 5074 Senatus
1118 5025 1225 5075 consulti
1250 5025 1347 5087 forma,
1373 5027 1456 5091 qualis

134 5124 161 5159 oa
181 5119 264 5159 aetate
285 5113 473 5171 observabatur,
495 5114 620 5162 aliusmodi
640 5116 781 5164 loetitioues
800 5132 851 5165 non
872 5115 991 5165 admittit.

206 5202 229 5263 ¹²)
260 5204 352 5253 Parum
377 5217 444 5253 reete
465 5206 496 5254 ad
518 5207 583 5255 lianc
601 5208 755 5258 locutionem
776 5209 864 5258 Festus
884 5225 908 5275 p.
924 5211 975 5260 246
1000 5211 1097 5261 rettulit
1119 5212 1337 5277 praepositionum
1360 5228 1408 5279 pro
1428 5220 1454 5265 et

132 5295 154 5343 iu
173 5311 245 5346 usum
266 5298 445 5360 promiscuum.
