3472 5828
571 614 656 663 VIAE
682 613 971 664 TARRACONENSIS

366 855 440 912 xla.
475 855 549 912 VIA
569 853 747 914 INSVLAE
769 853 968 912 BALEARIS
990 853 1171 911 MINORIS.

109 1002 197 1070 2538
227 1009 262 1066 In
284 1008 407 1085 praedio
422 1008 562 1069 Alooadde
584 1008 701 1068 insulae
717 1007 848 1066 Balearis
868 1006 1002 1087 minoris,
1027 1028 1095 1066 oum
1110 1009 1336 1067 submoveretur
1358 1026 1426 1082 pars

152 1111 218 1170 viae
240 1110 395 1192 antiquae,
425 1114 520 1172 diotae
543 1114 570 1171 el
590 1112 698 1170 comino
719 1112 802 1190 ateio,
834 1131 850 1169 a
874 1113 1004 1187 Magone
1031 1130 1134 1170 verena
1158 1111 1270 1187 Alayor
1292 1118 1426 1187 repertus

153 1223 198 1273 eat
228 1237 253 1274 a„
282 1218 362 1276 1892
393 1217 499 1293 cippus
528 1212 576 1297 (un
598 1215 827 1294 paralelepr'pedo
856 1213 982 1273 bastante
1010 1212 1132 1294 requlor)
1162 1217 1241 1273 altus
1270 1234 1308 1272 m.
1343 1217 1423 1291 1.70,

152 1319 231 1378 latus
248 1323 330 1398 0.70,
355 1340 471 1379 eroasua
489 1323 575 1396 0.40;
598 1320 707 1379 litteris
729 1318 798 1378 altis
821 1340 859 1378 m.
878 1322 961 1398 0.08,
985 1339 1046 1377 non
1068 1317 1235 1396 profundis.
1274 1317 1426 1377 Mareadel

153 1431 253 1482 nervat
275 1423 357 1482 domi
379 1444 413 1483 eo
435 1423 496 1482 Sao
520 1423 669 1484 Griaabal.

626 1665 676 1707 IMP
691 1677 698 1692 ·
714 1665 788 1709 (ΑΕΒ
804 1679 811 1693 ·
826 1665 887 1706 NER

626 1770 668 1810 VA
695 1783 703 1796 ·
732 1769 871 1810 Tantarav

625 1873 691 1915 avo
706 1885 714 1901 ·
730 1871 788 1914 ona
801 1885 808 1900 ·
823 1873 839 1912 r
852 1884 859 1899 ·
872 1872 887 1912 r

785 1973 886 2017 arraei
991 1951 1143 2003 1’·⁰·⁹⁸-¹⁰²

112 2201 288 2261 Franciaous
312 2204 421 2279 Campo
443 2202 595 2260 Meroodal
617 2199 732 2260 Reoiato
753 2199 787 2258 do
809 2199 950 2258 Menoroa
975 2201 1055 2259 1896
1079 2218 1108 2276 p.
1127 2200 1182 2277 38,
1214 2198 1267 2273 qni
1289 2199 1427 2257 observat

111 2305 231 2383 eippum
253 2312 403 2382 repertum
424 2305 492 2364 loeo
510 2325 604 2380 aequo
621 2304 752 2363 distante
768 2324 785 2362 a
799 2305 929 2380 Magone
944 2309 975 2362 et
990 2324 1007 2361 a
1021 2305 1143 2363 lamone
1166 2296 1342 2383 (Oiudodelo)
1365 2298 1426 2361 iam

111 2416 230 2487 propter
251 2410 370 2486 pondus
391 2411 503 2485 grande
527 2408 570 2490 (de
585 2408 681 2488 qaaere
696 2404 843 2489 qaaintoloa)
859 2429 919 2467 non
938 2428 1027 2485 posse
1049 2407 1171 2466 aliunde
1192 2408 1252 2466 buo
1274 2413 1426 2482 portatum

110 2532 185 2571 eaeo.
223 2513 403 2589 Itaqueiam
419 2533 480 2573 non
495 2513 700 2573 dubitabimus
722 2521 851 2572 statuere
873 2511 1004 2589 lapidem
1027 2513 1132 2571 eodem
1154 2510 1242 2570 titulo
1265 2510 1318 2569 aod
1332 2509 1428 2568 veroi-

111 2616 168 2674 bna
195 2617 298 2691 paullo
333 2617 420 2676 aliter
453 2616 622 2678 distributis
657 2617 835 2694 inscriptum
866 2625 895 2676 et
923 2616 955 2674 in
986 2617 1090 2675 eadem
1119 2615 1241 2692 regione
1277 2621 1427 2691 repertum

112 2721 289 2780 0.116003
314 2729 345 2780 et
366 2721 465 2798 ipsum
483 2721 646 2781 miliarium
669 2741 734 2781 esse
749 2720 815 2780 viee
829 2724 983 2780 Romanae
999 2741 1017 2778 a
1031 2721 1160 2796 Magone
1182 2722 1335 2777 lamonem
1359 2725 1427 2776 ante

111 2823 286 2903 Traianum,
316 2827 442 2885 fortasse
468 2824 529 2885 ium
557 2827 594 2884 ab
621 2828 770 2903 Augusto,
795 2825 932 2885 conditae
963 2832 992 2884 et
1020 2823 1053 2882 in
1083 2822 1166 2882 illius
1194 2841 1281 2880 versu
1308 2821 1424 2897 ultimo,

112 2947 128 2986 ο
151 2948 211 3002 quo
235 2944 349 2989 ..εειτ
371 2935 488 2989 tantam
509 2936 660 3009 superest,
682 2950 745 2988 non
770 2924 876 3009 [Λευεῖ
897 2929 1107 3009 supplendum,
1131 2927 1184 2986 aed
1210 2921 1349 3005 [refluit.

159 5414 349 5477 Emmare
370 5433 472 5476 remon.
495 5432 563 5475 von.
580 5414 662 5475 V111.
