3472 5828
320 553 393 623 304
935 568 1030 619 ΑοΤΑ

319 746 432 802 lunium
456 754 607 818 concepta.
653 742 736 802 Haec
757 744 905 801 ordinatio
927 761 1107 818 quamquam
1135 761 1153 798 a
1178 751 1319 799 mmsueta
1346 741 1470 809 recedit,
1499 763 1557 800 noa
1581 763 1644 801 ‹tm-

320 849 389 904 nino
418 846 566 904 reicienda
594 856 648 903 est.
699 844 776 903 Nam
807 846 886 919 quod
912 845 954 901 ita
981 863 1069 902 sacra
1097 844 1179 901 Deae
1206 843 1285 902 Diae
1315 844 1472 901 sollemnia
1499 845 1537 901 ab
1567 847 1645 903 actis

319 951 470 1019 afuerunt,
498 958 576 1006 recte
599 966 632 1005 se
653 948 754 1018 babet,
783 967 849 1004 cum
872 947 901 1003 in
925 947 998 1004 actis
1025 965 1101 1021 quae
1127 946 1271 1004 babemus
1298 947 1424 1022 primum
1452 961 1645 1020 compareant

319 1071 397 1109 auno
419 1070 447 1125 p.
461 1048 531 1108 Chr.
556 1050 593 1107 38
617 1067 671 1107 uec
686 1049 779 1107 multo
794 1061 862 1106 ante
883 1059 988 1123 coepta
1010 1066 1075 1105 esse
1092 1049 1247 1106 videantur
1266 1047 1419 1124 perscribi.
1463 1049 1589 1106 indictio
1613 1051 1643 1107 in

319 1153 393 1210 actis
422 1170 497 1226 quae
527 1152 683 1218 babemus,
716 1151 744 1207 iu
768 1150 816 1207 his
843 1152 910 1209 anni
937 1150 991 1221 tt,
1018 1151 1051 1207 fit
1079 1150 1154 1207 inter
1181 1149 1276 1207 lani
1301 1161 1330 1206 et
1353 1149 1417 1207 lan.
1438 1152 1468 1206 ll
1502 1150 1643 1222 (Henzen

320 1277 347 1330 p.
365 1254 412 1327 5);
445 1254 496 1311 sed
526 1273 592 1310 com
620 1254 692 1310 baec
717 1253 783 1326 ipsa
804 1252 840 1308 de
862 1253 968 1327 quibus
991 1252 1105 1327 agimus
1129 1261 1194 1309 acta
1217 1269 1271 1309 nos
1294 1251 1447 1310 docuerint
1474 1271 1551 1308 anno
1579 1253 1644 1309 sive

320 1356 378 1414 734
403 1376 429 1412 u.
446 1375 470 1412 e.
493 1356 555 1412 sive
579 1375 606 1429 p.
624 1352 693 1412 Chr.
715 1354 754 1411 28
783 1372 866 1411 sacra
893 1354 971 1411 faeta
993 1371 1061 1410 esse
1084 1372 1143 1410 non
1163 1353 1243 1411 Maio
1266 1372 1380 1424 meuse,
1408 1354 1460 1411 sed
1484 1354 1644 1430 incipiente

319 1458 454 1530 Iunio¹),
481 1457 601 1515 indictio
629 1457 698 1514 anni
726 1456 928 1530 praecedentis
957 1456 1024 1512 item
1053 1456 1115 1513 lieri
1143 1466 1242 1530 potest
1269 1467 1301 1512 ut
1327 1465 1444 1532 peracta
1471 1455 1507 1512 sit
1542 1474 1644 1514 meuse

319 1561 435 1617 demum
461 1559 600 1616 lanuario
623 1569 757 1616 extremo
785 1557 830 1615 vel
859 1558 1017 1633 incipiente
1041 1557 1212 1615 Februario.
1256 1559 1333 1614 Acta
1358 1555 1427 1615 anui
1454 1560 1644 1631 sequentiae

318 1663 468 1718 corrtrario
495 1661 639 1735 incipiunt
667 1661 704 1717 ab
727 1660 900 1727 indictione,
930 1660 1013 1717 cuius
1035 1660 1100 1717 dies
1121 1658 1236 1730 delicit3
1265 1670 1333 1717 vota
1359 1658 1449 1737 igitur
1475 1672 1525 1717 aut
1547 1660 1644 1716 soluta

319 1777 516 1838 srrsceptuque
540 1774 610 1819 sunt
631 1773 699 1836 post
719 1761 907 1819 indictionem
931 1771 982 1817 aut
1004 1781 1039 1817 eo
1066 1781 1144 1819 anno
1167 1779 1224 1819 uon
1245 1771 1314 1819 suut
1334 1762 1507 1836 perscripta.
1551 1760 1644 1829 Haec,

319 1885 394 1940 quae
423 1864 567 1922 sententia
586 1864 779 1921 llenzeoiana
808 1863 939 1938 requirit,
969 1874 999 1921 ut
1020 1874 1159 1938 poterunt
1180 1863 1309 1935 admitti,
1343 1865 1384 1920 ita
1411 1883 1496 1922 nemo
1524 1864 1644 1937 negabit

319 1967 544 2025 difficultatibus
571 1986 627 2022 non
655 1966 773 2040 exiguis
796 1965 940 2037 laborare,
967 1967 1161 2033 econtrario,
1188 1966 1213 2022 si
1234 1964 1345 2022 Hulam
1366 1965 1458 2022 secuti
1483 1976 1551 2022 acta
1571 1966 1645 2023 haec

320 2070 473 2127 referimus
497 2069 532 2125 ad
557 2088 582 2124 a.
601 2067 659 2124 733
682 2081 711 2125 et
734 2066 803 2135 734,
827 2068 969 2124 hocloco
992 2069 1092 2125 omnia
1114 2067 1205 2143 plana
1230 2068 1292 2124 lieri
1316 2078 1344 2123 et
1367 2066 1516 2140 expedita.

404 2174 445 2228 At
471 2172 498 2227 iu
529 2170 665 2244 personis
692 2170 877 2226 sacerdotum
907 2169 1006 2227 Halae
1034 2170 1179 2227 sententia
1201 2188 1267 2226 cum
1294 2168 1456 2226 obstaculis
1485 2188 1542 2225 iton
1570 2169 1645 2226 levi·

320 2277 374 2329 bus
399 2282 517 2348 pugnat.
561 2271 683 2329 Fratres
706 2271 832 2328 Arvales
856 2272 885 2328 iu
909 2273 1072 2347 fragmento
1099 2270 1240 2328 nominati
1265 2271 1358 2328 misso
1381 2271 1507 2345 vestigio
1530 2272 1644 2328 incerto

321 2394 346 2431 v.
364 2377 380 2431 3
399 2376 447 2432 lin.
471 2394 489 2431 a
511 2374 584 2448 (non
607 2374 646 2447 ιιι)
671 2391 791 2430 numero
814 2385 884 2430 sunt
905 2391 971 2431 sex:
995 2373 1110 2430 scilicet
1131 2373 1160 2430 in
1183 2373 1257 2430 actis
1273 2372 1342 2428 anni
1367 2373 1473 2449 prioris
1489 2374 1643 2431 nominan-

320 2489 366 2533 tur
388 2477 516 2533 Arvales
539 2485 688 2550 quattuor,
715 2476 743 2531 in
767 2476 841 2531 actis
864 2476 931 2531 anni
955 2475 1129 2550 posterioris
1152 2484 1268 2549 practer
1290 2475 1464 2551 magistrum
1481 2475 1549 2546 duo,
1572 2493 1632 2550 quo

321 2598 381 2634 ntur
407 2596 482 2635 unus
504 2588 550 2634 est
572 2578 648 2634 inter
669 2587 808 2651 quattuor
831 2577 908 2634 illos.
954 2574 1030 2635 Sunt
1052 2587 1149 2634 autem
1173 2576 1211 2632 hi.

320 2752 406 2789 ...a
429 2732 503 2789 Libo
541 2734 626 2789 v.3.

361 2733 538 2892 Latereutui
560 2836 586 2892 si
604 2732 654 2893 >est
675 2853 701 2891 a.
726 2854 752 2889 u.
776 2854 800 2891 c.
818 2832 933 2901 733t4,
960 2833 1139 2909 cogitabitur
1161 2843 1211 2891 aut
1232 2833 1268 2890 de
1291 2833 1325 2890 L.
1348 2794 1505 2892 Scribonio
1527 2833 1644 2891 Libone

361 2956 421 2994 cos.
445 2958 469 2993 a.
489 2935 548 2993 tto
570 2945 622 2993 aut
644 2936 680 2994 de
702 2935 741 2992 M.
764 2935 866 2993 Druso
888 2933 1004 2992 Libone
1026 2954 1085 2992 cos.
1109 2956 1135 2992 a.
1153 2933 1226 3005 739,
1256 2935 1280 2992 si
1304 2945 1349 2992 est
1371 2955 1397 2992 a.
1422 2955 1449 3009 p.
1467 2934 1537 2993 Cbr.
1556 2934 1643 3007 tua,

361 3050 411 3095 aut
438 3039 474 3094 de
496 3037 616 3096 corisule
638 3037 787 3094 ordinario
810 3057 837 3094 a.
858 3037 893 3094 16
917 3036 950 3093 L.
972 3037 1128 3096 Scribonio
1151 3036 1267 3094 Libone
1293 3044 1345 3093 aut
1371 3037 1406 3092 de
1430 3036 1464 3094 C.
1483 3036 1572 3094 Vibio
1593 3037 1643 3094 Li·

361 3141 438 3197 bone
460 3140 562 3197 eodem
586 3158 663 3196 anno
686 3139 817 3196 suffecto.
865 3141 941 3196 Acta
967 3140 1080 3216 reliqua
1101 3139 1246 3196 Libonem
1273 3139 1386 3196 uallum
1415 3139 1535 3196 babent.
1586 3139 1645 3196 Per

361 3243 437 3298 huuc
459 3242 549 3316 igitur
570 3242 706 3316 quaestio
729 3260 786 3297 oon
808 3240 963 3298 deciditur.

321 3397 356 3453 l..
384 3396 476 3453 Cinna
497 3395 540 3470 (v,
557 3396 599 3470 3).

362 3498 510 3574 Cogitavit
536 3498 618 3555 llula
647 3498 682 3553 du
714 3497 747 3554 L.
777 3496 874 3556 Cinna
903 3514 1039 3573 praetore
1066 3520 1092 3555 a.
1114 3500 1174 3554 710
1202 3499 1320 3555 homine
1351 3500 1427 3555 inter
1452 3499 1645 3555 adversarios

362 3599 500 3657 Caesaris
517 3599 668 3655 dictatoris
685 3600 843 3668 atterrim03
866 3620 931 3656 eum
949 3600 1139 3657 nibilominus
1155 3601 1192 3656 ab
1206 3604 1340 3673 Augusto
1356 3601 1493 3657 ltonorari
1510 3601 1644 3674 potuisse

363 3703 472 3775 pamter
499 3713 586 3776 atque
615 3702 769 3757 lmnuravit
797 3703 885 3758 filiam
911 3700 965 3759 Cu.
989 3701 1112 3759 Cimram
1137 3703 1274 3777 Magnum
1302 3703 1455 3758 cotrsnlem
1483 3702 1592 3758 lactum
1616 3724 1642 3759 a.

361 3824 387 3878 p.
406 3804 475 3860 Clrr.
500 3805 527 3858 5.
573 3805 604 3859 ld
634 3813 664 3860 ut
686 3803 800 3859 admitti
829 3813 938 3877 potest,
966 3806 1007 3859 ita
1031 3808 1092 3877 pari
1117 3805 1179 3860 iure
1203 3815 1366 3861 statuemus
1390 3803 1481 3860 larissa
1504 3805 1567 3860 eius
1592 3824 1644 3860 no—

360 3907 447 3961 minis
471 3906 616 3961 homiuem
641 3916 795 3979 praeterea
817 3905 947 3981 ignotum
972 3906 1026 3961 sub
1042 3905 1172 3962 Tiberio.
1206 3909 1283 3962 Acta
1304 3906 1363 3962 alia
1380 3904 1504 3966 Cinnam
1528 3906 1643 3962 nullum

362 4009 478 4063 liabent.
523 4007 626 4081 ltaque
649 4026 700 4080 per
723 4006 800 4061 bunc
824 4027 879 4063 uuo
904 4008 998 4082 aragia
1020 4008 1055 4064 de
1078 4028 1109 4064 re
1133 4008 1263 4083 liquebit.

324 4164 363 4217 ill.
392 4162 532 4218 Cornutus
554 4161 594 4234 (v.
613 4163 640 4218 3.
660 4161 720 4233 ltt).

363 4265 485 4320 l'raeter
509 4266 579 4320 lvaec
602 4264 677 4320 idem
702 4284 808 4321 omnen
832 4264 905 4320 redit
928 4265 956 4319 io
981 4266 1055 4322 actis
1078 4287 1104 4322 a.
1124 4267 1174 4322 ll:
1202 4265 1242 4321 M.
1261 4265 1401 4322 Cornutus
1424 4279 1449 4321 et
1474 4286 1499 4321 a.
1517 4264 1570 4320 ⁹20:
1600 4266 1642 4321 M.

363 4366 502 4423 Caecilius·
530 4365 696 4437 Cornutlvm]
723 4377 750 4421 et
778 4386 804 4420 a.
823 4365 855 4420 21
974 4368 1124 4424 Garamam.
1178 4368 1333 4423 Praeterea
1361 4368 1388 4424 in
1419 4368 1502 4422 titulo
1530 4367 1643 4422 urbano

361 4465 395 4524 C.
413 4466 471 4535 Vl,
500 4466 573 4523 12117
605 4468 679 4522 inter
711 4478 862 4523 curatores
896 4468 1024 4523 locorum
1058 4469 1243 4543 publicorum
1279 4469 1501 4525 iudicandorum
1535 4470 1643 4524 aetatis

362 4572 516 4643 Augustae
546 4568 590 4623 vel
620 4567 797 4624 Tiberianae
833 4570 919 4624 tertio
953 4569 1017 4625 loeo
1051 4570 1217 4626 inruriirattrr
1251 4570 1290 4626 M.
1319 4571 1460 4627 Caecilius
1488 4570 1642 4627 Cornutus.

361 4671 483 4727 'seruitus
511 4670 637 4742 deniqne
665 4690 732 4725 anm
761 4672 789 4738 l,
806 4668 843 4725 28
867 4671 902 4725 ad
927 4690 952 4726 a.
971 4672 1006 4727 ‘ll
1033 4672 1162 4728 meminit
1186 4670 1308 4728 Caecilii
1330 4671 1453 4729 Corutrti
1478 4671 1532 4727 viri
1557 4692 1641 4747 prae—

362 4774 429 4828 torii
454 4792 507 4826 sna
531 4792 617 4827 utrum
641 4782 700 4827 tum
723 4772 897 4844 interempti.
915 4806 952 4812 -
971 4771 1026 4828 llis
1050 4774 1228 4828 testimoniis
1249 4775 1390 4849 expensis
1407 4774 1566 4831 llenzenus
1584 4776 1642 4830 Ar-

362 4874 456 4930 valem
480 4883 610 4928 raetorum
635 4893 661 4929 a.
682 4875 726 4928 lt.
745 4874 791 4928 20.
811 4873 845 4928 ι21
874 4874 976 4930 habuit
992 4894 1044 4947 pro
1067 4875 1130 4931 viro
1153 4877 1301 4949 praetorio
1326 4886 1442 4933 rrrorluo
1466 4896 1492 4931 a.
1509 4875 1558 4945 21,
1583 4879 1642 4931 Ar·

399 5142 419 5201 ¹)
440 5141 611 5190 Probabiliter
626 5142 766 5190 llurlsemrs
785 5150 840 5189 aeta
861 5144 895 5189 ita
909 5144 1029 5204 explevit,
1050 5156 1075 5190 ut
1096 5146 1162 5192 laeta
1182 5145 1231 5192 sim
1253 5147 1308 5193 lun.
1327 5149 1347 5193 1.
1365 5145 1389 5191 3.
1405 5149 1429 5193 4.
1463 5147 1546 5194 Etiam
1567 5161 1590 5193 a.
1606 5147 1639 5195 21

320 5250 391 5284 saera
411 5235 527 5283 videntur
547 5234 643 5282 indicta
663 5250 717 5283 esse
737 5236 761 5283 in
783 5237 836 5282 dies
856 5236 888 5283 ab
910 5236 941 5282 iis
960 5237 1002 5297 qui
1024 5245 1110 5297 postea
1129 5238 1293 5285 obtimrerunt
1312 5238 1435 5286 diversos.
