<?xml version="1.0" encoding="UTF-8"?>
<!DOCTYPE html PUBLIC "-//W3C//DTD XHTML 1.0 Transitional//EN"
    "http://www.w3.org/TR/xhtml1/DTD/xhtml1-transitional.dtd">
<html xmlns="http://www.w3.org/1999/xhtml" xml:lang="en" lang="en">
 <head>
  <title>
</title>
<meta http-equiv="Content-Type" content="text/html;charset=utf-8" />
  <meta name='ocr-system' content='tesseract 3.04.00' />
  <meta name='ocr-capabilities' content='ocr_page ocr_carea ocr_par ocr_line ocrx_word'/>
</head>
<body>
  <div class='ocr_page' id='page_1' title='image "./ephemerisepigra00instgoog_0359.png"; bbox 0 0 3472 5828; ppageno 0'>
   <div class='ocr_carea' id='block_1_1' title="bbox 319 503 1327 573">
    <p class='ocr_par' dir='ltr' id='par_1_1' title="bbox 319 503 1327 573">
     <span class='ocr_line' id='line_1_1' title="bbox 319 503 1327 573; baseline -0.005 -1"><span class='ocrx_word' id='word_1_1' title='bbox 319 503 392 573; x_wconf 80' lang='lat'><strong>350</strong></span> <span class='ocrx_word' id='word_1_2' title='bbox 622 520 892 571; x_wconf 73' lang='lat' dir='ltr'><strong>nouissimum</strong></span> <span class='ocrx_word' id='word_1_3' title='bbox 921 520 971 569; x_wconf 77' lang='lat' dir='ltr'><strong>nn</strong></span> <span class='ocrx_word' id='word_1_4' title='bbox 997 518 1097 570; x_wconf 70' lang='lat' dir='ltr'><strong>acra</strong></span> <span class='ocrx_word' id='word_1_5' title='bbox 1125 519 1327 569; x_wconf 78' lang='lat' dir='ltr'><strong>nnvnnrvn.</strong></span> 
     </span>
    </p>
   </div>
   <div class='ocr_carea' id='block_1_2' title="bbox 311 690 1634 3823">
    <p class='ocr_par' dir='ltr' id='par_1_2' title="bbox 316 690 1634 1274">
     <span class='ocr_line' id='line_1_2' title="bbox 318 690 1634 768; baseline -0.005 -15"><span class='ocrx_word' id='word_1_6' title='bbox 318 714 404 753; x_wconf 88' lang='lat' dir='ltr'><strong>nemo</strong></span> <span class='ocrx_word' id='word_1_7' title='bbox 426 695 642 753; x_wconf 73' lang='lat' dir='ltr'><strong>architecturae</strong></span> <span class='ocrx_word' id='word_1_8' title='bbox 658 694 811 752; x_wconf 87' lang='lat' dir='ltr'><strong>Romanae</strong></span> <span class='ocrx_word' id='word_1_9' title='bbox 832 693 945 768; x_wconf 89' lang='lat' dir='ltr'><strong>peritus</strong></span> <span class='ocrx_word' id='word_1_10' title='bbox 968 693 1023 750; x_wconf 91' lang='lat' dir='ltr'><strong>sibi</strong></span> <span class='ocrx_word' id='word_1_11' title='bbox 1047 692 1274 768; x_wconf 74' lang='lat' dir='ltr'><strong>persuadentl).</strong></span> <span class='ocrx_word' id='word_1_12' title='bbox 1311 690 1373 748; x_wconf 91' lang='lat' dir='ltr'><strong>Iam</strong></span> <span class='ocrx_word' id='word_1_13' title='bbox 1389 708 1460 749; x_wconf 84' lang='lat' dir='ltr'><strong>vero</strong></span> <span class='ocrx_word' id='word_1_14' title='bbox 1482 700 1548 747; x_wconf 84' lang='lat' dir='ltr'><strong>acta</strong></span> <span class='ocrx_word' id='word_1_15' title='bbox 1569 691 1634 764; x_wconf 89' lang='lat' dir='ltr'><strong>ipsa</strong></span> 
     </span>
     <span class='ocr_line' id='line_1_3' title="bbox 318 790 1632 869; baseline -0.006 -14"><span class='ocrx_word' id='word_1_16' title='bbox 318 816 376 855; x_wconf 91' lang='lat' dir='ltr'><strong>uno</strong></span> <span class='ocrx_word' id='word_1_17' title='bbox 403 807 480 855; x_wconf 88' lang='lat' dir='ltr'><strong>certe</strong></span> <span class='ocrx_word' id='word_1_18' title='bbox 506 797 570 854; x_wconf 93' lang='lat' dir='ltr'><strong>loco</strong></span> <span class='ocrx_word' id='word_1_19' title='bbox 601 795 762 854; x_wconf 79' lang='lat' dir='ltr'><strong>luculenter</strong></span> <span class='ocrx_word' id='word_1_20' title='bbox 788 795 924 853; x_wconf 91' lang='lat' dir='ltr'><strong>dicuntur</strong></span> <span class='ocrx_word' id='word_1_21' title='bbox 952 795 1104 869; x_wconf 86' lang='lat' dir='ltr'><strong>proposita</strong></span> <span class='ocrx_word' id='word_1_22' title='bbox 1130 795 1225 852; x_wconf 85' lang='lat' dir='ltr'><strong>fnisse</strong></span> <span class='ocrx_word' id='word_1_23' title='bbox 1252 811 1309 851; x_wconf 93' lang='lat' dir='ltr'><strong>non</strong></span> <span class='ocrx_word' id='word_1_24' title='bbox 1336 792 1366 849; x_wconf 91' lang='lat' dir='ltr'><strong>in</strong></span> <span class='ocrx_word' id='word_1_25' title='bbox 1396 794 1508 866; x_wconf 85' lang='lat' dir='ltr'><strong>pariete</strong></span> <span class='ocrx_word' id='word_1_26' title='bbox 1533 790 1632 866; x_wconf 86' lang='lat' dir='ltr'><strong>aliquo</strong></span> 
     </span>
     <span class='ocr_line' id='line_1_4' title="bbox 317 893 1629 971; baseline -0.004 -16"><span class='ocrx_word' id='word_1_27' title='bbox 317 899 463 957; x_wconf 75' lang='lat' dir='ltr'><strong>exteriore</strong></span> <span class='ocrx_word' id='word_1_28' title='bbox 491 898 630 969; x_wconf 86' lang='lat' dir='ltr'><strong>aedificii,</strong></span> <span class='ocrx_word' id='word_1_29' title='bbox 663 899 714 955; x_wconf 89' lang='lat' dir='ltr'><strong>sed</strong></span> <span class='ocrx_word' id='word_1_30' title='bbox 743 899 828 954; x_wconf 87' lang='lat' dir='ltr'><strong>intra.</strong></span> <span class='ocrx_word' id='word_1_31' title='bbox 885 898 919 955; x_wconf 92' lang='lat' dir='ltr'><strong>In</strong></span> <span class='ocrx_word' id='word_1_32' title='bbox 947 897 1048 954; x_wconf 88' lang='lat' dir='ltr'><strong>tabula</strong></span> <span class='ocrx_word' id='word_1_33' title='bbox 1075 896 1152 953; x_wconf 91' lang='lat' dir='ltr'><strong>enim</strong></span> <span class='ocrx_word' id='word_1_34' title='bbox 1182 915 1207 953; x_wconf 92' lang='lat' dir='ltr'><strong>a.</strong></span> <span class='ocrx_word' id='word_1_35' title='bbox 1232 896 1268 953; x_wconf 89' lang='lat'><strong>81</strong></span> <span class='ocrx_word' id='word_1_36' title='bbox 1300 894 1455 952; x_wconf 85' lang='lat' dir='ltr'><strong>adnotatur</strong></span> <span class='ocrx_word' id='word_1_37' title='bbox 1480 893 1629 971; x_wconf 74' lang='lat' dir='ltr'><strong>piaculum</strong></span> 
     </span>
     <span class='ocr_line' id='line_1_5' title="bbox 317 995 1633 1070; baseline -0.002 -14"><span class='ocrx_word' id='word_1_38' title='bbox 317 1001 424 1058; x_wconf 86' lang='lat' dir='ltr'><strong>factum</strong></span> <span class='ocrx_word' id='word_1_39' title='bbox 452 1019 519 1059; x_wconf 89' lang='lat' dir='ltr'><strong>esse</strong></span> <span class='ocrx_word' id='word_1_40' title='bbox 546 1015 587 1058; x_wconf 88' lang='lat' dir='ltr'><strong>oa</strong></span> <span class='ocrx_word' id='word_1_41' title='bbox 616 1016 736 1058; x_wconf 79' lang='lat' dir='ltr'><strong>reurvn</strong></span> <span class='ocrx_word' id='word_1_42' title='bbox 763 1015 903 1057; x_wconf 76' lang='lat' dir='ltr'><strong>runarvn</strong></span> <span class='ocrx_word' id='word_1_43' title='bbox 930 1014 1065 1055; x_wconf 71' lang='lat' dir='ltr'><strong>insensu</strong></span> <span class='ocrx_word' id='word_1_44' title='bbox 1088 1013 1262 1056; x_wconf 76' lang='lat' dir='ltr'><strong>scatrrvnae</strong></span> <span class='ocrx_word' id='word_1_45' title='bbox 1283 1011 1412 1068; x_wconf 78' lang='lat' dir='ltr'><strong>cavsss,</strong></span> <span class='ocrx_word' id='word_1_46' title='bbox 1439 1005 1468 1052; x_wconf 91' lang='lat' dir='ltr'><strong>et</strong></span> <span class='ocrx_word' id='word_1_47' title='bbox 1494 995 1633 1070; x_wconf 77' lang='lat' dir='ltr'><strong>deinceps</strong></span> 
     </span>
     <span class='ocr_line' id='line_1_6' title="bbox 316 1099 1631 1170; baseline -0.004 -9"><span class='ocrx_word' id='word_1_48' title='bbox 316 1115 358 1161; x_wconf 88' lang='lat' dir='ltr'><strong>oa</strong></span> <span class='ocrx_word' id='word_1_49' title='bbox 379 1117 499 1160; x_wconf 81' lang='lat' dir='ltr'><strong>reanvn</strong></span> <span class='ocrx_word' id='word_1_50' title='bbox 515 1118 553 1160; x_wconf 81' lang='lat' dir='ltr'><strong>ne</strong></span> <span class='ocrx_word' id='word_1_51' title='bbox 572 1117 648 1159; x_wconf 80' lang='lat' dir='ltr'><strong>aene</strong></span> <span class='ocrx_word' id='word_1_52' title='bbox 668 1116 801 1159; x_wconf 75' lang='lat' dir='ltr'><strong>unsrun:</strong></span> <span class='ocrx_word' id='word_1_53' title='bbox 825 1118 969 1158; x_wconf 89' lang='lat' dir='ltr'><strong>annorum</strong></span> <span class='ocrx_word' id='word_1_54' title='bbox 991 1111 1153 1158; x_wconf 89' lang='lat' dir='ltr'><strong>ceterorum</strong></span> <span class='ocrx_word' id='word_1_55' title='bbox 1177 1109 1264 1157; x_wconf 88' lang='lat' dir='ltr'><strong>notae</strong></span> <span class='ocrx_word' id='word_1_56' title='bbox 1285 1099 1404 1158; x_wconf 86' lang='lat' dir='ltr'><strong>brevius</strong></span> <span class='ocrx_word' id='word_1_57' title='bbox 1426 1099 1556 1155; x_wconf 79' lang='lat' dir='ltr'><strong>referunt</strong></span> <span class='ocrx_word' id='word_1_58' title='bbox 1571 1100 1631 1170; x_wconf 84' lang='lat' dir='ltr'><strong>ser·</strong></span> 
     </span>
     <span class='ocr_line' id='line_1_7' title="bbox 316 1201 1238 1274; baseline -0.001 -14"><span class='ocrx_word' id='word_1_59' title='bbox 316 1224 378 1261; x_wconf 85' lang='lat' dir='ltr'><strong>rum</strong></span> <span class='ocrx_word' id='word_1_60' title='bbox 399 1205 519 1261; x_wconf 84' lang='lat' dir='ltr'><strong>inlatam</strong></span> <span class='ocrx_word' id='word_1_61' title='bbox 539 1204 587 1261; x_wconf 90' lang='lat' dir='ltr'><strong>vel</strong></span> <span class='ocrx_word' id='word_1_62' title='bbox 609 1203 712 1260; x_wconf 81' lang='lat' dir='ltr'><strong>elotum</strong></span> <span class='ocrx_word' id='word_1_63' title='bbox 733 1221 814 1274; x_wconf 87' lang='lat' dir='ltr'><strong>esse,</strong></span> <span class='ocrx_word' id='word_1_64' title='bbox 841 1202 877 1261; x_wconf 91' lang='lat' dir='ltr'><strong>de</strong></span> <span class='ocrx_word' id='word_1_65' title='bbox 899 1203 966 1260; x_wconf 89' lang='lat' dir='ltr'><strong>loco</strong></span> <span class='ocrx_word' id='word_1_66' title='bbox 992 1202 1064 1259; x_wconf 93' lang='lat' dir='ltr'><strong>nihil</strong></span> <span class='ocrx_word' id='word_1_67' title='bbox 1087 1201 1238 1259; x_wconf 89' lang='lat' dir='ltr'><strong>addentes.</strong></span> 
     </span>
    </p>

    <p class='ocr_par' dir='ltr' id='par_1_3' title="bbox 315 1303 1632 1484">
     <span class='ocr_line' id='line_1_8' title="bbox 399 1303 1632 1381; baseline -0.002 -18"><span class='ocrx_word' id='word_1_68' title='bbox 399 1304 485 1380; x_wconf 85' lang='lat' dir='ltr'><strong>Quae</strong></span> <span class='ocrx_word' id='word_1_69' title='bbox 510 1324 577 1363; x_wconf 90' lang='lat' dir='ltr'><strong>cnm</strong></span> <span class='ocrx_word' id='word_1_70' title='bbox 604 1307 646 1363; x_wconf 91' lang='lat' dir='ltr'><strong>ita</strong></span> <span class='ocrx_word' id='word_1_71' title='bbox 674 1306 746 1377; x_wconf 86' lang='lat' dir='ltr'><strong>siut,</strong></span> <span class='ocrx_word' id='word_1_72' title='bbox 773 1314 839 1362; x_wconf 89' lang='lat' dir='ltr'><strong>acta</strong></span> <span class='ocrx_word' id='word_1_73' title='bbox 865 1304 983 1381; x_wconf 88' lang='lat' dir='ltr'><strong>collegii</strong></span> <span class='ocrx_word' id='word_1_74' title='bbox 1009 1304 1046 1361; x_wconf 92' lang='lat' dir='ltr'><strong>ad</strong></span> <span class='ocrx_word' id='word_1_75' title='bbox 1075 1303 1239 1361; x_wconf 87' lang='lat' dir='ltr'><strong>aedilicium</strong></span> <span class='ocrx_word' id='word_1_76' title='bbox 1269 1303 1426 1361; x_wconf 90' lang='lat' dir='ltr'><strong>rotundum</strong></span> <span class='ocrx_word' id='word_1_77' title='bbox 1456 1303 1517 1361; x_wconf 92' lang='lat' dir='ltr'><strong>ullo</strong></span> <span class='ocrx_word' id='word_1_78' title='bbox 1545 1304 1632 1360; x_wconf 90' lang='lat' dir='ltr'><strong>modo</strong></span> 
     </span>
     <span class='ocr_line' id='line_1_9' title="bbox 315 1407 600 1484; baseline -0.007 -17"><span class='ocrx_word' id='word_1_79' title='bbox 315 1407 493 1484; x_wconf 79' lang='lat' dir='ltr'><strong>pertinuisse</strong></span> <span class='ocrx_word' id='word_1_80' title='bbox 515 1423 600 1483; x_wconf 86' lang='lat' dir='ltr'><strong>nego.</strong></span> 
     </span>
    </p>

    <p class='ocr_par' dir='ltr' id='par_1_4' title="bbox 311 1506 1632 3823">
     <span class='ocr_line' id='line_1_10' title="bbox 397 1506 1632 1582; baseline -0.001 -16"><span class='ocrx_word' id='word_1_81' title='bbox 397 1506 484 1582; x_wconf 83' lang='lat' dir='ltr'><strong>Quod</strong></span> <span class='ocrx_word' id='word_1_82' title='bbox 507 1508 531 1566; x_wconf 94' lang='lat' dir='ltr'><strong>si</strong></span> <span class='ocrx_word' id='word_1_83' title='bbox 554 1528 654 1566; x_wconf 84' lang='lat' dir='ltr'><strong>verum</strong></span> <span class='ocrx_word' id='word_1_84' title='bbox 677 1519 736 1581; x_wconf 91' lang='lat' dir='ltr'><strong>est,</strong></span> <span class='ocrx_word' id='word_1_85' title='bbox 765 1508 852 1567; x_wconf 82' lang='lat' dir='ltr'><strong>valde</strong></span> <span class='ocrx_word' id='word_1_86' title='bbox 874 1508 1066 1566; x_wconf 87' lang='lat' dir='ltr'><strong>dubitandum</strong></span> <span class='ocrx_word' id='word_1_87' title='bbox 1090 1527 1158 1565; x_wconf 91' lang='lat' dir='ltr'><strong>num</strong></span> <span class='ocrx_word' id='word_1_88' title='bbox 1185 1526 1288 1565; x_wconf 82' lang='lat' dir='ltr'><strong>revera</strong></span> <span class='ocrx_word' id='word_1_89' title='bbox 1313 1508 1386 1566; x_wconf 89' lang='lat' dir='ltr'><strong>deae</strong></span> <span class='ocrx_word' id='word_1_90' title='bbox 1408 1507 1488 1565; x_wconf 84' lang='lat' dir='ltr'><strong>Diae</strong></span> <span class='ocrx_word' id='word_1_91' title='bbox 1514 1526 1632 1566; x_wconf 88' lang='lat' dir='ltr'><strong>sacrum</strong></span> 
     </span>
     <span class='ocr_line' id='line_1_11' title="bbox 315 1609 1630 1687; baseline -0.001 -19"><span class='ocrx_word' id='word_1_92' title='bbox 315 1611 409 1669; x_wconf 87' lang='lat' dir='ltr'><strong>luerit.</strong></span> <span class='ocrx_word' id='word_1_93' title='bbox 452 1609 557 1686; x_wconf 90' lang='lat' dir='ltr'><strong>Neque</strong></span> <span class='ocrx_word' id='word_1_94' title='bbox 579 1611 654 1687; x_wconf 84' lang='lat' dir='ltr'><strong>fugit</strong></span> <span class='ocrx_word' id='word_1_95' title='bbox 675 1610 847 1668; x_wconf 79' lang='lat' dir='ltr'><strong>Hennenum</strong></span> <span class='ocrx_word' id='word_1_96' title='bbox 870 1610 1023 1683; x_wconf 83' lang='lat' dir='ltr'><strong>(relazioae</strong></span> <span class='ocrx_word' id='word_1_97' title='bbox 1044 1630 1071 1686; x_wconf 93' lang='lat' dir='ltr'><strong>p.</strong></span> <span class='ocrx_word' id='word_1_98' title='bbox 1089 1609 1148 1684; x_wconf 82' lang='lat' dir='ltr'><strong>xl)</strong></span> <span class='ocrx_word' id='word_1_99' title='bbox 1171 1609 1254 1667; x_wconf 89' lang='lat' dir='ltr'><strong>locus</strong></span> <span class='ocrx_word' id='word_1_100' title='bbox 1276 1620 1407 1666; x_wconf 90' lang='lat' dir='ltr'><strong>actorum</strong></span> <span class='ocrx_word' id='word_1_101' title='bbox 1430 1609 1507 1667; x_wconf 92' lang='lat' dir='ltr'><strong>unde</strong></span> <span class='ocrx_word' id='word_1_102' title='bbox 1529 1611 1630 1667; x_wconf 85' lang='lat' dir='ltr'><strong>aedem</strong></span> 
     </span>
     <span class='ocr_line' id='line_1_12' title="bbox 315 1711 1631 1787; baseline -0.002 -17"><span class='ocrx_word' id='word_1_103' title='bbox 315 1714 387 1770; x_wconf 88' lang='lat' dir='ltr'><strong>deae</strong></span> <span class='ocrx_word' id='word_1_104' title='bbox 408 1713 487 1771; x_wconf 83' lang='lat' dir='ltr'><strong>Diae</strong></span> <span class='ocrx_word' id='word_1_105' title='bbox 512 1713 668 1771; x_wconf 88' lang='lat' dir='ltr'><strong>rotundam</strong></span> <span class='ocrx_word' id='word_1_106' title='bbox 696 1731 754 1770; x_wconf 94' lang='lat' dir='ltr'><strong>non</strong></span> <span class='ocrx_word' id='word_1_107' title='bbox 781 1713 874 1770; x_wconf 90' lang='lat' dir='ltr'><strong>fuisse</strong></span> <span class='ocrx_word' id='word_1_108' title='bbox 902 1713 965 1769; x_wconf 90' lang='lat' dir='ltr'><strong>iure</strong></span> <span class='ocrx_word' id='word_1_109' title='bbox 991 1712 1162 1787; x_wconf 89' lang='lat' dir='ltr'><strong>suspiceris.</strong></span> <span class='ocrx_word' id='word_1_110' title='bbox 1214 1715 1301 1768; x_wconf 88' lang='lat' dir='ltr'><strong>Anno</strong></span> <span class='ocrx_word' id='word_1_111' title='bbox 1327 1711 1404 1768; x_wconf 90' lang='lat' dir='ltr'><strong>enim</strong></span> <span class='ocrx_word' id='word_1_112' title='bbox 1430 1711 1485 1769; x_wconf 83' lang='lat'><strong>183</strong></span> <span class='ocrx_word' id='word_1_113' title='bbox 1515 1729 1631 1768; x_wconf 88' lang='lat' dir='ltr'><strong>sacrum</strong></span> 
     </span>
     <span class='ocr_line' id='line_1_13' title="bbox 314 1813 1631 1890; baseline -0.002 -17"><span class='ocrx_word' id='word_1_114' title='bbox 314 1816 424 1873; x_wconf 85' lang='lat' dir='ltr'><strong>factum</strong></span> <span class='ocrx_word' id='word_1_115' title='bbox 446 1825 494 1873; x_wconf 87' lang='lat' dir='ltr'><strong>est</strong></span> <span class='ocrx_word' id='word_1_116' title='bbox 514 1818 605 1889; x_wconf 71' lang='lat' dir='ltr'><strong>operis</strong></span> <span class='ocrx_word' id='word_1_117' title='bbox 627 1815 780 1871; x_wconf 71' lang='lat' dir='ltr'><strong>inclinandi</strong></span> <span class='ocrx_word' id='word_1_118' title='bbox 802 1834 899 1885; x_wconf 83' lang='lat' dir='ltr'><strong>causa,</strong></span> <span class='ocrx_word' id='word_1_119' title='bbox 921 1815 999 1890; x_wconf 84' lang='lat' dir='ltr'><strong>qaod</strong></span> <span class='ocrx_word' id='word_1_120' title='bbox 1018 1817 1049 1870; x_wconf 82' lang='lat' dir='ltr'><strong>ia</strong></span> <span class='ocrx_word' id='word_1_121' title='bbox 1063 1816 1187 1889; x_wconf 76' lang='lat' dir='ltr'><strong>sostipio</strong></span> <span class='ocrx_word' id='word_1_122' title='bbox 1208 1815 1289 1870; x_wconf 77' lang='lat' dir='ltr'><strong>aedis</strong></span> <span class='ocrx_word' id='word_1_123' title='bbox 1310 1813 1379 1871; x_wconf 80' lang='lat' dir='ltr'><strong>deae</strong></span> <span class='ocrx_word' id='word_1_124' title='bbox 1399 1814 1476 1870; x_wconf 82' lang='lat' dir='ltr'><strong>Diae</strong></span> <span class='ocrx_word' id='word_1_125' title='bbox 1491 1815 1564 1887; x_wconf 83' lang='lat' dir='ltr'><strong>ficas</strong></span> <span class='ocrx_word' id='word_1_126' title='bbox 1590 1817 1631 1871; x_wconf 83' lang='lat' dir='ltr'><strong>in·</strong></span> 
     </span>
     <span class='ocr_line' id='line_1_14' title="bbox 313 1914 1631 1994; baseline -0.002 -19"><span class='ocrx_word' id='word_1_127' title='bbox 313 1926 383 1975; x_wconf 84' lang='lat' dir='ltr'><strong>acta</strong></span> <span class='ocrx_word' id='word_1_128' title='bbox 404 1927 488 1974; x_wconf 78' lang='lat' dir='ltr'><strong>earet:</strong></span> <span class='ocrx_word' id='word_1_129' title='bbox 512 1916 661 1994; x_wconf 84' lang='lat' dir='ltr'><strong>fastigium</strong></span> <span class='ocrx_word' id='word_1_130' title='bbox 685 1934 754 1973; x_wconf 87' lang='lat' dir='ltr'><strong>vero</strong></span> <span class='ocrx_word' id='word_1_131' title='bbox 776 1915 813 1973; x_wconf 91' lang='lat' dir='ltr'><strong>de</strong></span> <span class='ocrx_word' id='word_1_132' title='bbox 835 1916 908 1974; x_wconf 92' lang='lat' dir='ltr'><strong>aede</strong></span> <span class='ocrx_word' id='word_1_133' title='bbox 930 1916 1074 1991; x_wconf 89' lang='lat' dir='ltr'><strong>quadrata</strong></span> <span class='ocrx_word' id='word_1_134' title='bbox 1096 1915 1304 1990; x_wconf 88' lang='lat' dir='ltr'><strong>potiusquam</strong></span> <span class='ocrx_word' id='word_1_135' title='bbox 1327 1915 1454 1972; x_wconf 89' lang='lat' dir='ltr'><strong>rotunda</strong></span> <span class='ocrx_word' id='word_1_136' title='bbox 1474 1914 1631 1989; x_wconf 77' lang='lat' dir='ltr'><strong>dicitur2).</strong></span> 
     </span>
     <span class='ocr_line' id='line_1_15' title="bbox 313 2013 1632 2093; baseline 0 -18"><span class='ocrx_word' id='word_1_137' title='bbox 313 2017 410 2092; x_wconf 76' lang='lat' dir='ltr'><strong>Quam</strong></span> <span class='ocrx_word' id='word_1_138' title='bbox 433 2020 552 2077; x_wconf 88' lang='lat' dir='ltr'><strong>obrem</strong></span> <span class='ocrx_word' id='word_1_139' title='bbox 575 2036 677 2076; x_wconf 89' lang='lat' dir='ltr'><strong>eorum</strong></span> <span class='ocrx_word' id='word_1_140' title='bbox 700 2019 846 2076; x_wconf 89' lang='lat' dir='ltr'><strong>sententia</strong></span> <span class='ocrx_word' id='word_1_141' title='bbox 866 2018 915 2093; x_wconf 87' lang='lat' dir='ltr'><strong>qui</strong></span> <span class='ocrx_word' id='word_1_142' title='bbox 939 2017 1101 2075; x_wconf 84' lang='lat' dir='ltr'><strong>aedificium</strong></span> <span class='ocrx_word' id='word_1_143' title='bbox 1124 2017 1280 2074; x_wconf 90' lang='lat' dir='ltr'><strong>rotundum</strong></span> <span class='ocrx_word' id='word_1_144' title='bbox 1297 2013 1478 2075; x_wconf 83' lang='lat' dir='ltr'><strong>Caesareum</strong></span> <span class='ocrx_word' id='word_1_145' title='bbox 1493 2017 1632 2075; x_wconf 83' lang='lat' dir='ltr'><strong>dixerunt</strong></span> 
     </span>
     <span class='ocr_line' id='line_1_16' title="bbox 314 2118 1629 2196; baseline 0.001 -20"><span class='ocrx_word' id='word_1_146' title='bbox 314 2121 403 2196; x_wconf 88' lang='lat' dir='ltr'><strong>digna</strong></span> <span class='ocrx_word' id='word_1_147' title='bbox 429 2137 500 2177; x_wconf 86' lang='lat' dir='ltr'><strong>sane</strong></span> <span class='ocrx_word' id='word_1_148' title='bbox 526 2130 573 2178; x_wconf 90' lang='lat' dir='ltr'><strong>est</strong></span> <span class='ocrx_word' id='word_1_149' title='bbox 599 2139 675 2195; x_wconf 89' lang='lat' dir='ltr'><strong>quae</strong></span> <span class='ocrx_word' id='word_1_150' title='bbox 704 2121 809 2178; x_wconf 88' lang='lat' dir='ltr'><strong>iterum</strong></span> <span class='ocrx_word' id='word_1_151' title='bbox 838 2120 1030 2178; x_wconf 83' lang='lat' dir='ltr'><strong>examinetur.</strong></span> <span class='ocrx_word' id='word_1_152' title='bbox 1085 2118 1174 2191; x_wconf 82' lang='lat' dir='ltr'><strong>Quod</strong></span> <span class='ocrx_word' id='word_1_153' title='bbox 1202 2128 1233 2176; x_wconf 92' lang='lat' dir='ltr'><strong>ut</strong></span> <span class='ocrx_word' id='word_1_154' title='bbox 1260 2138 1325 2176; x_wconf 90' lang='lat' dir='ltr'><strong>cum</strong></span> <span class='ocrx_word' id='word_1_155' title='bbox 1354 2120 1450 2176; x_wconf 88' lang='lat' dir='ltr'><strong>fructu</strong></span> <span class='ocrx_word' id='word_1_156' title='bbox 1478 2119 1629 2190; x_wconf 81' lang='lat' dir='ltr'><strong>efficiatur,</strong></span> 
     </span>
     <span class='ocr_line' id='line_1_17' title="bbox 314 2220 1629 2298; baseline 0.001 -19"><span class='ocrx_word' id='word_1_157' title='bbox 314 2240 492 2298; x_wconf 80' lang='lat' dir='ltr'><strong>magnopere</strong></span> <span class='ocrx_word' id='word_1_158' title='bbox 519 2220 679 2298; x_wconf 89' lang='lat' dir='ltr'><strong>optandum</strong></span> <span class='ocrx_word' id='word_1_159' title='bbox 706 2233 752 2279; x_wconf 87' lang='lat' dir='ltr'><strong>est</strong></span> <span class='ocrx_word' id='word_1_160' title='bbox 779 2235 810 2278; x_wconf 91' lang='lat' dir='ltr'><strong>ut</strong></span> <span class='ocrx_word' id='word_1_161' title='bbox 835 2239 905 2297; x_wconf 87' lang='lat' dir='ltr'><strong>ager</strong></span> <span class='ocrx_word' id='word_1_162' title='bbox 930 2221 980 2278; x_wconf 92' lang='lat' dir='ltr'><strong>ille</strong></span> <span class='ocrx_word' id='word_1_163' title='bbox 1006 2231 1064 2279; x_wconf 92' lang='lat' dir='ltr'><strong>tam</strong></span> <span class='ocrx_word' id='word_1_164' title='bbox 1092 2221 1177 2279; x_wconf 86' lang='lat' dir='ltr'><strong>ferax</strong></span> <span class='ocrx_word' id='word_1_165' title='bbox 1204 2221 1443 2278; x_wconf 85' lang='lat' dir='ltr'><strong>documentorum</strong></span> <span class='ocrx_word' id='word_1_166' title='bbox 1470 2222 1629 2297; x_wconf 86' lang='lat' dir='ltr'><strong>insignium</strong></span> 
     </span>
     <span class='ocr_line' id='line_1_18' title="bbox 314 2322 1631 2399; baseline 0.002 -20"><span class='ocrx_word' id='word_1_167' title='bbox 314 2324 418 2381; x_wconf 87' lang='lat' dir='ltr'><strong>iterum</strong></span> <span class='ocrx_word' id='word_1_168' title='bbox 449 2334 618 2398; x_wconf 84' lang='lat' dir='ltr'><strong>temptetur,</strong></span> <span class='ocrx_word' id='word_1_169' title='bbox 646 2324 817 2397; x_wconf 84' lang='lat' dir='ltr'><strong>praesertim</strong></span> <span class='ocrx_word' id='word_1_170' title='bbox 845 2341 881 2379; x_wconf 89' lang='lat' dir='ltr'><strong>ea</strong></span> <span class='ocrx_word' id='word_1_171' title='bbox 906 2341 976 2398; x_wconf 90' lang='lat' dir='ltr'><strong>pars</strong></span> <span class='ocrx_word' id='word_1_172' title='bbox 1003 2341 1090 2398; x_wconf 92' lang='lat' dir='ltr'><strong>qnam</strong></span> <span class='ocrx_word' id='word_1_173' title='bbox 1119 2322 1263 2380; x_wconf 89' lang='lat' dir='ltr'><strong>Henzeno</strong></span> <span class='ocrx_word' id='word_1_174' title='bbox 1288 2323 1434 2399; x_wconf 88' lang='lat' dir='ltr'><strong>attingere</strong></span> <span class='ocrx_word' id='word_1_175' title='bbox 1463 2342 1521 2381; x_wconf 94' lang='lat' dir='ltr'><strong>non</strong></span> <span class='ocrx_word' id='word_1_176' title='bbox 1549 2324 1631 2381; x_wconf 89' lang='lat' dir='ltr'><strong>licuit</strong></span> 
     </span>
     <span class='ocr_line' id='line_1_19' title="bbox 313 2422 1630 2499; baseline 0.001 -17"><span class='ocrx_word' id='word_1_177' title='bbox 313 2433 432 2483; x_wconf 86' lang='lat' dir='ltr'><strong>vetante</strong></span> <span class='ocrx_word' id='word_1_178' title='bbox 453 2425 586 2497; x_wconf 87' lang='lat' dir='ltr'><strong>domino,</strong></span> <span class='ocrx_word' id='word_1_179' title='bbox 614 2426 680 2483; x_wconf 92' lang='lat' dir='ltr'><strong>dico</strong></span> <span class='ocrx_word' id='word_1_180' title='bbox 703 2427 817 2483; x_wconf 87' lang='lat' dir='ltr'><strong>vineam</strong></span> <span class='ocrx_word' id='word_1_181' title='bbox 840 2422 982 2499; x_wconf 87' lang='lat' dir='ltr'><strong>Stephani</strong></span> <span class='ocrx_word' id='word_1_182' title='bbox 1005 2422 1176 2483; x_wconf 85' lang='lat' dir='ltr'><strong>Oeccarellii</strong></span> <span class='ocrx_word' id='word_1_183' title='bbox 1200 2444 1217 2479; x_wconf 91' lang='lat' dir='ltr'><strong>a</strong></span> <span class='ocrx_word' id='word_1_184' title='bbox 1239 2424 1361 2480; x_wconf 86' lang='lat' dir='ltr'><strong>sinistra</strong></span> <span class='ocrx_word' id='word_1_185' title='bbox 1390 2437 1471 2497; x_wconf 89' lang='lat' dir='ltr'><strong>parte</strong></span> <span class='ocrx_word' id='word_1_186' title='bbox 1494 2425 1558 2482; x_wconf 87' lang='lat' dir='ltr'><strong>riae</strong></span> <span class='ocrx_word' id='word_1_187' title='bbox 1584 2445 1630 2483; x_wconf 88' lang='lat' dir='ltr'><strong>rc·</strong></span> 
     </span>
     <span class='ocr_line' id='line_1_20' title="bbox 313 2525 1631 2604; baseline 0 -19"><span class='ocrx_word' id='word_1_188' title='bbox 313 2527 407 2585; x_wconf 91' lang='lat' dir='ltr'><strong>centis</strong></span> <span class='ocrx_word' id='word_1_189' title='bbox 428 2528 525 2585; x_wconf 91' lang='lat' dir='ltr'><strong>sitam.</strong></span> <span class='ocrx_word' id='word_1_190' title='bbox 573 2525 652 2584; x_wconf 91' lang='lat' dir='ltr'><strong>Nam</strong></span> <span class='ocrx_word' id='word_1_191' title='bbox 675 2528 701 2585; x_wconf 88' lang='lat' dir='ltr'><strong>si</strong></span> <span class='ocrx_word' id='word_1_192' title='bbox 723 2546 799 2602; x_wconf 88' lang='lat' dir='ltr'><strong>quae</strong></span> <span class='ocrx_word' id='word_1_193' title='bbox 820 2545 911 2602; x_wconf 91' lang='lat' dir='ltr'><strong>supra</strong></span> <span class='ocrx_word' id='word_1_194' title='bbox 932 2527 1148 2604; x_wconf 84' lang='lat' dir='ltr'><strong>disputavimus</strong></span> <span class='ocrx_word' id='word_1_195' title='bbox 1169 2544 1240 2582; x_wconf 89' lang='lat' dir='ltr'><strong>vera</strong></span> <span class='ocrx_word' id='word_1_196' title='bbox 1261 2539 1339 2596; x_wconf 75' lang='lat' dir='ltr'><strong>sunt,</strong></span> <span class='ocrx_word' id='word_1_197' title='bbox 1361 2526 1539 2584; x_wconf 82' lang='lat' dir='ltr'><strong>effossiones</strong></span> <span class='ocrx_word' id='word_1_198' title='bbox 1563 2529 1631 2586; x_wconf 92' lang='lat' dir='ltr'><strong>ulti·</strong></span> 
     </span>
     <span class='ocr_line' id='line_1_21' title="bbox 314 2629 1631 2705; baseline 0.001 -19"><span class='ocrx_word' id='word_1_199' title='bbox 314 2629 370 2687; x_wconf 89' lang='lat' dir='ltr'><strong>mis</strong></span> <span class='ocrx_word' id='word_1_200' title='bbox 393 2629 438 2685; x_wconf 91' lang='lat' dir='ltr'><strong>his</strong></span> <span class='ocrx_word' id='word_1_201' title='bbox 461 2629 547 2686; x_wconf 90' lang='lat' dir='ltr'><strong>annis</strong></span> <span class='ocrx_word' id='word_1_202' title='bbox 572 2629 725 2687; x_wconf 90' lang='lat' dir='ltr'><strong>institutae</strong></span> <span class='ocrx_word' id='word_1_203' title='bbox 750 2648 786 2685; x_wconf 92' lang='lat' dir='ltr'><strong>ne</strong></span> <span class='ocrx_word' id='word_1_204' title='bbox 813 2641 1010 2705; x_wconf 89' lang='lat' dir='ltr'><strong>pervenerunt</strong></span> <span class='ocrx_word' id='word_1_205' title='bbox 1031 2629 1151 2703; x_wconf 91' lang='lat' dir='ltr'><strong>quidem</strong></span> <span class='ocrx_word' id='word_1_206' title='bbox 1180 2629 1216 2685; x_wconf 93' lang='lat' dir='ltr'><strong>ad</strong></span> <span class='ocrx_word' id='word_1_207' title='bbox 1244 2647 1309 2685; x_wconf 91' lang='lat' dir='ltr'><strong>enm</strong></span> <span class='ocrx_word' id='word_1_208' title='bbox 1337 2629 1450 2699; x_wconf 88' lang='lat' dir='ltr'><strong>locum,</strong></span> <span class='ocrx_word' id='word_1_209' title='bbox 1478 2647 1537 2703; x_wconf 92' lang='lat' dir='ltr'><strong>quo</strong></span> <span class='ocrx_word' id='word_1_210' title='bbox 1564 2640 1631 2688; x_wconf 86' lang='lat' dir='ltr'><strong>aeta</strong></span> 
     </span>
     <span class='ocr_line' id='line_1_22' title="bbox 313 2730 1632 2807; baseline 0.001 -18"><span class='ocrx_word' id='word_1_211' title='bbox 313 2730 429 2807; x_wconf 87' lang='lat' dir='ltr'><strong>collegii</strong></span> <span class='ocrx_word' id='word_1_212' title='bbox 463 2730 626 2806; x_wconf 87' lang='lat' dir='ltr'><strong>antiquitus</strong></span> <span class='ocrx_word' id='word_1_213' title='bbox 653 2732 841 2807; x_wconf 88' lang='lat' dir='ltr'><strong>prostabant;</strong></span> <span class='ocrx_word' id='word_1_214' title='bbox 874 2741 904 2787; x_wconf 88' lang='lat' dir='ltr'><strong>et</strong></span> <span class='ocrx_word' id='word_1_215' title='bbox 930 2741 1061 2789; x_wconf 90' lang='lat' dir='ltr'><strong>actorum</strong></span> <span class='ocrx_word' id='word_1_216' title='bbox 1093 2731 1259 2807; x_wconf 80' lang='lat' dir='ltr'><strong>fragmenta</strong></span> <span class='ocrx_word' id='word_1_217' title='bbox 1286 2748 1362 2806; x_wconf 90' lang='lat' dir='ltr'><strong>quae</strong></span> <span class='ocrx_word' id='word_1_218' title='bbox 1395 2733 1536 2790; x_wconf 87' lang='lat' dir='ltr'><strong>habemus</strong></span> <span class='ocrx_word' id='word_1_219' title='bbox 1562 2732 1632 2790; x_wconf 88' lang='lat' dir='ltr'><strong>licet</strong></span> 
     </span>
     <span class='ocr_line' id='line_1_23' title="bbox 312 2832 1630 2908; baseline 0 -18"><span class='ocrx_word' id='word_1_220' title='bbox 312 2833 412 2907; x_wconf 88' lang='lat' dir='ltr'><strong>ampla</strong></span> <span class='ocrx_word' id='word_1_221' title='bbox 439 2832 594 2890; x_wconf 85' lang='lat' dir='ltr'><strong>videantur</strong></span> <span class='ocrx_word' id='word_1_222' title='bbox 619 2841 650 2889; x_wconf 89' lang='lat' dir='ltr'><strong>et</strong></span> <span class='ocrx_word' id='word_1_223' title='bbox 676 2833 795 2907; x_wconf 86' lang='lat' dir='ltr'><strong>prolixa</strong></span> <span class='ocrx_word' id='word_1_224' title='bbox 821 2835 849 2891; x_wconf 91' lang='lat' dir='ltr'><strong>in</strong></span> <span class='ocrx_word' id='word_1_225' title='bbox 878 2843 960 2890; x_wconf 88' lang='lat' dir='ltr'><strong>tanta</strong></span> <span class='ocrx_word' id='word_1_226' title='bbox 987 2833 1226 2890; x_wconf 88' lang='lat' dir='ltr'><strong>documentorum</strong></span> <span class='ocrx_word' id='word_1_227' title='bbox 1257 2833 1320 2890; x_wconf 88' lang='lat' dir='ltr'><strong>eius</strong></span> <span class='ocrx_word' id='word_1_228' title='bbox 1353 2834 1469 2908; x_wconf 89' lang='lat' dir='ltr'><strong>generis</strong></span> <span class='ocrx_word' id='word_1_229' title='bbox 1498 2834 1630 2907; x_wconf 89' lang='lat' dir='ltr'><strong>penuria,</strong></span> 
     </span>
     <span class='ocr_line' id='line_1_24' title="bbox 313 2933 1632 3010; baseline 0.002 -19"><span class='ocrx_word' id='word_1_230' title='bbox 313 2935 422 2992; x_wconf 88' lang='lat' dir='ltr'><strong>misera</strong></span> <span class='ocrx_word' id='word_1_231' title='bbox 450 2947 518 2992; x_wconf 87' lang='lat' dir='ltr'><strong>sunt</strong></span> <span class='ocrx_word' id='word_1_232' title='bbox 546 2943 575 2990; x_wconf 89' lang='lat' dir='ltr'><strong>et</strong></span> <span class='ocrx_word' id='word_1_233' title='bbox 600 2934 699 2992; x_wconf 90' lang='lat' dir='ltr'><strong>lacera</strong></span> <span class='ocrx_word' id='word_1_234' title='bbox 726 2935 751 2991; x_wconf 90' lang='lat' dir='ltr'><strong>si</strong></span> <span class='ocrx_word' id='word_1_235' title='bbox 779 2935 961 3010; x_wconf 88' lang='lat' dir='ltr'><strong>reputaveris</strong></span> <span class='ocrx_word' id='word_1_236' title='bbox 989 2934 1090 3009; x_wconf 89' lang='lat' dir='ltr'><strong>quanti</strong></span> <span class='ocrx_word' id='word_1_237' title='bbox 1119 2933 1246 2991; x_wconf 84' lang='lat' dir='ltr'><strong>ambitus</strong></span> <span class='ocrx_word' id='word_1_238' title='bbox 1276 2935 1346 2992; x_wconf 91' lang='lat' dir='ltr'><strong>olim</strong></span> <span class='ocrx_word' id='word_1_239' title='bbox 1376 2935 1490 2993; x_wconf 85' lang='lat' dir='ltr'><strong>fuerint.</strong></span> <span class='ocrx_word' id='word_1_240' title='bbox 1541 2933 1632 2994; x_wconf 87' lang='lat' dir='ltr'><strong>Velut</strong></span> 
     </span>
     <span class='ocr_line' id='line_1_25' title="bbox 311 3035 1631 3112; baseline 0.001 -18"><span class='ocrx_word' id='word_1_241' title='bbox 311 3054 350 3094; x_wconf 87' lang='lat' dir='ltr'><strong>ex</strong></span> <span class='ocrx_word' id='word_1_242' title='bbox 378 3036 453 3095; x_wconf 88' lang='lat' dir='ltr'><strong>actis</strong></span> <span class='ocrx_word' id='word_1_243' title='bbox 486 3036 649 3112; x_wconf 85' lang='lat' dir='ltr'><strong>imperante</strong></span> <span class='ocrx_word' id='word_1_244' title='bbox 680 3037 718 3093; x_wconf 89' lang='grc' dir='ltr'><strong>Μ.</strong></span> <span class='ocrx_word' id='word_1_245' title='bbox 749 3036 872 3094; x_wconf 86' lang='lat' dir='ltr'><strong>Aurelio</strong></span> <span class='ocrx_word' id='word_1_246' title='bbox 900 3036 1031 3094; x_wconf 85' lang='lat' dir='ltr'><strong>exaratis</strong></span> <span class='ocrx_word' id='word_1_247' title='bbox 1061 3035 1111 3092; x_wconf 86' lang='lat' dir='ltr'><strong>vix</strong></span> <span class='ocrx_word' id='word_1_248' title='bbox 1139 3036 1291 3111; x_wconf 89' lang='lat' dir='ltr'><strong>octoginta</strong></span> <span class='ocrx_word' id='word_1_249' title='bbox 1318 3054 1456 3094; x_wconf 88' lang='lat' dir='ltr'><strong>versuum</strong></span> <span class='ocrx_word' id='word_1_250' title='bbox 1490 3037 1631 3112; x_wconf 88' lang='lat' dir='ltr'><strong>reliquias</strong></span> 
     </span>
     <span class='ocr_line' id='line_1_26' title="bbox 312 3136 1630 3215; baseline 0.002 -21"><span class='ocrx_word' id='word_1_251' title='bbox 312 3148 482 3215; x_wconf 88' lang='lat' dir='ltr'><strong>supersunt,</strong></span> <span class='ocrx_word' id='word_1_252' title='bbox 504 3156 570 3196; x_wconf 90' lang='lat' dir='ltr'><strong>cum</strong></span> <span class='ocrx_word' id='word_1_253' title='bbox 593 3155 698 3196; x_wconf 87' lang='lat' dir='ltr'><strong>versus</strong></span> <span class='ocrx_word' id='word_1_254' title='bbox 721 3137 788 3214; x_wconf 91' lang='lat' dir='ltr'><strong>plus</strong></span> <span class='ocrx_word' id='word_1_255' title='bbox 810 3139 890 3196; x_wconf 91' lang='lat' dir='ltr'><strong>mille</strong></span> <span class='ocrx_word' id='word_1_256' title='bbox 912 3139 1088 3214; x_wconf 89' lang='lat' dir='ltr'><strong>quingentos</strong></span> <span class='ocrx_word' id='word_1_257' title='bbox 1111 3137 1181 3194; x_wconf 92' lang='lat' dir='ltr'><strong>olim</strong></span> <span class='ocrx_word' id='word_1_258' title='bbox 1202 3136 1296 3196; x_wconf 86' lang='lat' dir='ltr'><strong>fuisse</strong></span> <span class='ocrx_word' id='word_1_259' title='bbox 1314 3139 1540 3197; x_wconf 87' lang='lat' dir='ltr'><strong>ratiocinatione</strong></span> <span class='ocrx_word' id='word_1_260' title='bbox 1555 3140 1630 3197; x_wconf 85' lang='lat' dir='ltr'><strong>satis</strong></span> 
     </span>
     <span class='ocr_line' id='line_1_27' title="bbox 312 3238 1630 3317; baseline 0.002 -22"><span class='ocrx_word' id='word_1_261' title='bbox 312 3239 457 3314; x_wconf 90' lang='lat' dir='ltr'><strong>probabili</strong></span> <span class='ocrx_word' id='word_1_262' title='bbox 484 3239 637 3297; x_wconf 85' lang='lat' dir='ltr'><strong>efficiatur.</strong></span> <span class='ocrx_word' id='word_1_263' title='bbox 692 3242 738 3297; x_wconf 87' lang='lat' dir='ltr'><strong>Ac</strong></span> <span class='ocrx_word' id='word_1_264' title='bbox 764 3261 799 3297; x_wconf 91' lang='lat' dir='ltr'><strong>ne</strong></span> <span class='ocrx_word' id='word_1_265' title='bbox 827 3239 855 3296; x_wconf 93' lang='lat' dir='ltr'><strong>id</strong></span> <span class='ocrx_word' id='word_1_266' title='bbox 882 3238 999 3314; x_wconf 90' lang='lat' dir='ltr'><strong>quidem</strong></span> <span class='ocrx_word' id='word_1_267' title='bbox 1028 3239 1240 3317; x_wconf 87' lang='lat' dir='ltr'><strong>neglegendum</strong></span> <span class='ocrx_word' id='word_1_268' title='bbox 1268 3250 1327 3308; x_wconf 88' lang='lat' dir='ltr'><strong>est,</strong></span> <span class='ocrx_word' id='word_1_269' title='bbox 1354 3260 1372 3297; x_wconf 91' lang='lat' dir='ltr'><strong>a</strong></span> <span class='ocrx_word' id='word_1_270' title='bbox 1399 3241 1520 3299; x_wconf 88' lang='lat' dir='ltr'><strong>sinistra</strong></span> <span class='ocrx_word' id='word_1_271' title='bbox 1546 3251 1630 3317; x_wconf 89' lang='lat' dir='ltr'><strong>parte</strong></span> 
     </span>
     <span class='ocr_line' id='line_1_28' title="bbox 313 3341 1630 3418; baseline 0 -21"><span class='ocrx_word' id='word_1_272' title='bbox 313 3342 377 3398; x_wconf 87' lang='lat' dir='ltr'><strong>viae</strong></span> <span class='ocrx_word' id='word_1_273' title='bbox 406 3353 474 3399; x_wconf 90' lang='lat' dir='ltr'><strong>ante</strong></span> <span class='ocrx_word' id='word_1_274' title='bbox 503 3342 558 3398; x_wconf 92' lang='lat' dir='ltr'><strong>bos</strong></span> <span class='ocrx_word' id='word_1_275' title='bbox 591 3341 732 3399; x_wconf 90' lang='lat' dir='ltr'><strong>ducentos</strong></span> <span class='ocrx_word' id='word_1_276' title='bbox 760 3361 853 3399; x_wconf 90' lang='lat' dir='ltr'><strong>annos</strong></span> <span class='ocrx_word' id='word_1_277' title='bbox 882 3359 954 3398; x_wconf 91' lang='lat' dir='ltr'><strong>casu</strong></span> <span class='ocrx_word' id='word_1_278' title='bbox 984 3353 1117 3418; x_wconf 89' lang='lat' dir='ltr'><strong>repertas</strong></span> <span class='ocrx_word' id='word_1_279' title='bbox 1145 3359 1211 3399; x_wconf 90' lang='lat' dir='ltr'><strong>esse</strong></span> <span class='ocrx_word' id='word_1_280' title='bbox 1242 3341 1357 3398; x_wconf 89' lang='lat' dir='ltr'><strong>tabulas</strong></span> <span class='ocrx_word' id='word_1_281' title='bbox 1386 3342 1516 3417; x_wconf 88' lang='lat' dir='ltr'><strong>integras</strong></span> <span class='ocrx_word' id='word_1_282' title='bbox 1546 3345 1630 3412; x_wconf 75' lang='lat' dir='ltr'><strong>duas,</strong></span> 
     </span>
     <span class='ocr_line' id='line_1_29' title="bbox 312 3443 1631 3521; baseline 0.002 -21"><span class='ocrx_word' id='word_1_283' title='bbox 312 3462 406 3518; x_wconf 91' lang='lat' dir='ltr'><strong>neque</strong></span> <span class='ocrx_word' id='word_1_284' title='bbox 430 3454 528 3501; x_wconf 89' lang='lat' dir='ltr'><strong>tamen</strong></span> <span class='ocrx_word' id='word_1_285' title='bbox 551 3444 611 3500; x_wconf 92' lang='lat' dir='ltr'><strong>ullo</strong></span> <span class='ocrx_word' id='word_1_286' title='bbox 635 3453 767 3519; x_wconf 87' lang='lat' dir='ltr'><strong>tempore</strong></span> <span class='ocrx_word' id='word_1_287' title='bbox 786 3445 834 3501; x_wconf 83' lang='lat' dir='ltr'><strong>riu</strong></span> <span class='ocrx_word' id='word_1_288' title='bbox 857 3444 1024 3501; x_wconf 72' lang='lat' dir='ltr'><strong>sacratione</strong></span> <span class='ocrx_word' id='word_1_289' title='bbox 1047 3444 1221 3501; x_wconf 83' lang='lat' dir='ltr'><strong>effossiones</strong></span> <span class='ocrx_word' id='word_1_290' title='bbox 1243 3443 1402 3501; x_wconf 88' lang='lat' dir='ltr'><strong>institutas.</strong></span> <span class='ocrx_word' id='word_1_291' title='bbox 1441 3444 1631 3521; x_wconf 82' lang='lat' dir='ltr'><strong>Quapropter</strong></span> 
     </span>
     <span class='ocr_line' id='line_1_30' title="bbox 313 3546 1629 3605; baseline 0 -1"><span class='ocrx_word' id='word_1_292' title='bbox 313 3556 343 3604; x_wconf 96' lang='lat' dir='ltr'><strong>ut</strong></span> <span class='ocrx_word' id='word_1_293' title='bbox 365 3555 584 3603; x_wconf 90' lang='lat' dir='ltr'><strong>monumentum</strong></span> <span class='ocrx_word' id='word_1_294' title='bbox 608 3546 636 3601; x_wconf 91' lang='lat' dir='ltr'><strong>in</strong></span> <span class='ocrx_word' id='word_1_295' title='bbox 659 3565 755 3603; x_wconf 89' lang='lat' dir='ltr'><strong>rernm</strong></span> <span class='ocrx_word' id='word_1_296' title='bbox 777 3546 977 3603; x_wconf 88' lang='lat' dir='ltr'><strong>Romanarum</strong></span> <span class='ocrx_word' id='word_1_297' title='bbox 1002 3547 1142 3603; x_wconf 86' lang='lat' dir='ltr'><strong>memoria</strong></span> <span class='ocrx_word' id='word_1_298' title='bbox 1169 3546 1362 3603; x_wconf 87' lang='lat' dir='ltr'><strong>clarissimum</strong></span> <span class='ocrx_word' id='word_1_299' title='bbox 1389 3547 1552 3605; x_wconf 88' lang='lat' dir='ltr'><strong>accuratius</strong></span> <span class='ocrx_word' id='word_1_300' title='bbox 1580 3567 1629 3604; x_wconf 84' lang='lat' dir='ltr'><strong>ex·</strong></span> 
     </span>
     <span class='ocr_line' id='line_1_31' title="bbox 312 3648 1631 3723; baseline 0.002 -19"><span class='ocrx_word' id='word_1_301' title='bbox 312 3648 487 3722; x_wconf 89' lang='lat' dir='ltr'><strong>plorandum</strong></span> <span class='ocrx_word' id='word_1_302' title='bbox 510 3668 546 3705; x_wconf 91' lang='lat' dir='ltr'><strong>ne</strong></span> <span class='ocrx_word' id='word_1_303' title='bbox 568 3648 705 3705; x_wconf 89' lang='lat' dir='ltr'><strong>omittant</strong></span> <span class='ocrx_word' id='word_1_304' title='bbox 726 3648 751 3705; x_wconf 88' lang='lat' dir='ltr'><strong>ei</strong></span> <span class='ocrx_word' id='word_1_305' title='bbox 776 3666 865 3722; x_wconf 90' lang='lat' dir='ltr'><strong>penes</strong></span> <span class='ocrx_word' id='word_1_306' title='bbox 887 3665 961 3723; x_wconf 90' lang='lat' dir='ltr'><strong>quos</strong></span> <span class='ocrx_word' id='word_1_307' title='bbox 985 3667 1081 3704; x_wconf 90' lang='lat' dir='ltr'><strong>rernm</strong></span> <span class='ocrx_word' id='word_1_308' title='bbox 1105 3648 1290 3722; x_wconf 90' lang='lat' dir='ltr'><strong>antiquarum</strong></span> <span class='ocrx_word' id='word_1_309' title='bbox 1313 3666 1384 3704; x_wconf 91' lang='lat' dir='ltr'><strong>cura</strong></span> <span class='ocrx_word' id='word_1_310' title='bbox 1407 3648 1525 3723; x_wconf 87' lang='lat' dir='ltr'><strong>publica</strong></span> <span class='ocrx_word' id='word_1_311' title='bbox 1554 3669 1631 3707; x_wconf 86' lang='lat' dir='ltr'><strong>nune</strong></span> 
     </span>
     <span class='ocr_line' id='line_1_32' title="bbox 312 3749 864 3823; baseline 0.002 -17"><span class='ocrx_word' id='word_1_312' title='bbox 312 3761 357 3806; x_wconf 88' lang='lat' dir='ltr'><strong>est</strong></span> <span class='ocrx_word' id='word_1_313' title='bbox 378 3749 570 3806; x_wconf 89' lang='lat' dir='ltr'><strong>adhortamur</strong></span> <span class='ocrx_word' id='word_1_314' title='bbox 591 3759 679 3823; x_wconf 77' lang='lat' dir='ltr'><strong>atque</strong></span> <span class='ocrx_word' id='word_1_315' title='bbox 702 3767 864 3807; x_wconf 91' lang='lat' dir='ltr'><strong>monemus.</strong></span> 
     </span>
    </p>
   </div>
   <div class='ocr_carea' id='block_1_3' title="bbox 311 3941 1630 4100">
    <p class='ocr_par' dir='ltr' id='par_1_5' title="bbox 311 3941 1630 4100">
     <span class='ocr_line' id='line_1_33' title="bbox 389 3941 1630 4009; baseline 0.002 -18"><span class='ocrx_word' id='word_1_316' title='bbox 389 3941 410 4001; x_wconf 93' lang='lat'><strong>¹)</strong></span> <span class='ocrx_word' id='word_1_317' title='bbox 431 3943 470 3991; x_wconf 82' lang='lat' dir='ltr'><strong>Ex</strong></span> <span class='ocrx_word' id='word_1_318' title='bbox 498 3944 653 3992; x_wconf 79' lang='lat' dir='ltr'><strong>ornamentis</strong></span> <span class='ocrx_word' id='word_1_319' title='bbox 672 3944 752 4006; x_wconf 88' lang='lat' dir='ltr'><strong>partis</strong></span> <span class='ocrx_word' id='word_1_320' title='bbox 771 3944 898 3993; x_wconf 87' lang='lat' dir='ltr'><strong>interioris</strong></span> <span class='ocrx_word' id='word_1_321' title='bbox 917 3944 995 3993; x_wconf 87' lang='lat' dir='ltr'><strong>cellae</strong></span> <span class='ocrx_word' id='word_1_322' title='bbox 1015 3959 1091 3994; x_wconf 91' lang='lat' dir='ltr'><strong>unum</strong></span> <span class='ocrx_word' id='word_1_323' title='bbox 1117 3945 1274 4007; x_wconf 88' lang='lat' dir='ltr'><strong>repperimus</strong></span> <span class='ocrx_word' id='word_1_324' title='bbox 1296 3943 1478 4008; x_wconf 77' lang='lat' dir='ltr'><strong>fragmentum,</strong></span> <span class='ocrx_word' id='word_1_325' title='bbox 1505 3947 1573 4009; x_wconf 87' lang='lat' dir='ltr'><strong>quod</strong></span> <span class='ocrx_word' id='word_1_326' title='bbox 1597 3947 1630 3995; x_wconf 90' lang='lat' dir='ltr'><strong>ad</strong></span> 
     </span>
     <span class='ocr_line' id='line_1_34' title="bbox 311 4035 1629 4100; baseline 0.002 -17"><span class='ocrx_word' id='word_1_327' title='bbox 311 4043 409 4098; x_wconf 88' lang='lat' dir='ltr'><strong>partem</strong></span> <span class='ocrx_word' id='word_1_328' title='bbox 430 4037 505 4084; x_wconf 89' lang='lat' dir='ltr'><strong>imam</strong></span> <span class='ocrx_word' id='word_1_329' title='bbox 525 4035 641 4098; x_wconf 79' lang='lat' dir='ltr'><strong>pertinet</strong></span> <span class='ocrx_word' id='word_1_330' title='bbox 680 4035 777 4086; x_wconf 86' lang='lat' dir='ltr'><strong>Saxum</strong></span> <span class='ocrx_word' id='word_1_331' title='bbox 798 4046 836 4084; x_wconf 89' lang='lat' dir='ltr'><strong>est</strong></span> <span class='ocrx_word' id='word_1_332' title='bbox 854 4037 915 4084; x_wconf 90' lang='lat' dir='ltr'><strong>satis</strong></span> <span class='ocrx_word' id='word_1_333' title='bbox 935 4051 1055 4095; x_wconf 87' lang='lat' dir='ltr'><strong>erassum,</strong></span> <span class='ocrx_word' id='word_1_334' title='bbox 1080 4037 1150 4099; x_wconf 89' lang='lat' dir='ltr'><strong>spira</strong></span> <span class='ocrx_word' id='word_1_335' title='bbox 1168 4046 1192 4085; x_wconf 91' lang='lat' dir='ltr'><strong>et</strong></span> <span class='ocrx_word' id='word_1_336' title='bbox 1212 4036 1300 4100; x_wconf 79' lang='lat' dir='ltr'><strong>regula</strong></span> <span class='ocrx_word' id='word_1_337' title='bbox 1319 4044 1445 4098; x_wconf 90' lang='lat' dir='ltr'><strong>ornatum,</strong></span> <span class='ocrx_word' id='word_1_338' title='bbox 1471 4047 1496 4086; x_wconf 89' lang='lat' dir='ltr'><strong>et</strong></span> <span class='ocrx_word' id='word_1_339' title='bbox 1515 4039 1551 4087; x_wconf 84' lang='lat' dir='ltr'><strong>itu</strong></span> <span class='ocrx_word' id='word_1_340' title='bbox 1570 4054 1629 4086; x_wconf 90' lang='lat' dir='ltr'><strong>cun·</strong></span> 
     </span>
    </p>
   </div>
   <div class='ocr_carea' id='block_1_4' title="bbox 311 4127 1630 4468">
    <p class='ocr_par' dir='ltr' id='par_1_6' title="bbox 311 4127 1182 4192">
     <span class='ocr_line' id='line_1_35' title="bbox 311 4127 1182 4192; baseline 0.002 -18"><span class='ocrx_word' id='word_1_341' title='bbox 311 4142 399 4176; x_wconf 85' lang='lat' dir='ltr'><strong>cavum</strong></span> <span class='ocrx_word' id='word_1_342' title='bbox 421 4136 447 4175; x_wconf 84' lang='lat' dir='ltr'><strong>ut</strong></span> <span class='ocrx_word' id='word_1_343' title='bbox 467 4127 618 4191; x_wconf 87' lang='lat' dir='ltr'><strong>respondeat</strong></span> <span class='ocrx_word' id='word_1_344' title='bbox 638 4129 759 4177; x_wconf 83' lang='lat' dir='ltr'><strong>convexis</strong></span> <span class='ocrx_word' id='word_1_345' title='bbox 778 4143 843 4192; x_wconf 88' lang='lat' dir='ltr'><strong>quae</strong></span> <span class='ocrx_word' id='word_1_346' title='bbox 862 4128 1002 4177; x_wconf 86' lang='lat' dir='ltr'><strong>delineavit</strong></span> <span class='ocrx_word' id='word_1_347' title='bbox 1021 4128 1182 4177; x_wconf 87' lang='lat' dir='ltr'><strong>Lancianins.</strong></span> 
     </span>
    </p>

    <p class='ocr_par' dir='ltr' id='par_1_7' title="bbox 311 4218 1630 4468">
     <span class='ocr_line' id='line_1_36' title="bbox 386 4218 1629 4284; baseline 0.002 -17"><span class='ocrx_word' id='word_1_348' title='bbox 386 4218 410 4277; x_wconf 73' lang='lat'><strong>¹¹)</strong></span> <span class='ocrx_word' id='word_1_349' title='bbox 431 4219 506 4279; x_wconf 90' lang='lat' dir='ltr'><strong>Quod</strong></span> <span class='ocrx_word' id='word_1_350' title='bbox 526 4221 661 4269; x_wconf 89' lang='lat' dir='ltr'><strong>Henzenus</strong></span> <span class='ocrx_word' id='word_1_351' title='bbox 680 4219 814 4279; x_wconf 70' lang='lat' dir='ltr'><strong>(relacione</strong></span> <span class='ocrx_word' id='word_1_352' title='bbox 833 4236 857 4283; x_wconf 85' lang='lat' dir='ltr'><strong>p.</strong></span> <span class='ocrx_word' id='word_1_353' title='bbox 871 4220 921 4277; x_wconf 84' lang='lat' dir='ltr'><strong>Xl)</strong></span> <span class='ocrx_word' id='word_1_354' title='bbox 941 4220 1011 4268; x_wconf 87' lang='lat' dir='ltr'><strong>addit</strong></span> <span class='ocrx_word' id='word_1_355' title='bbox 1031 4221 1139 4269; x_wconf 81' lang='lat' dir='ltr'><strong>sortasse</strong></span> <span class='ocrx_word' id='word_1_356' title='bbox 1162 4228 1220 4269; x_wconf 88' lang='lat' dir='ltr'><strong>ante</strong></span> <span class='ocrx_word' id='word_1_357' title='bbox 1244 4221 1386 4284; x_wconf 82' lang='lat' dir='ltr'><strong>ingressum</strong></span> <span class='ocrx_word' id='word_1_358' title='bbox 1410 4221 1480 4270; x_wconf 87' lang='lat' dir='ltr'><strong>aedis</strong></span> <span class='ocrx_word' id='word_1_359' title='bbox 1504 4222 1629 4284; x_wconf 89' lang='lat' dir='ltr'><strong>porticum</strong></span> 
     </span>
     <span class='ocr_line' id='line_1_37' title="bbox 311 4311 1630 4376; baseline 0.003 -18"><span class='ocrx_word' id='word_1_360' title='bbox 311 4312 437 4360; x_wconf 83' lang='lat' dir='ltr'><strong>adiectam</strong></span> <span class='ocrx_word' id='word_1_361' title='bbox 456 4311 543 4371; x_wconf 82' lang='lat' dir='ltr'><strong>fnisse,</strong></span> <span class='ocrx_word' id='word_1_362' title='bbox 564 4321 591 4360; x_wconf 92' lang='lat' dir='ltr'><strong>ut</strong></span> <span class='ocrx_word' id='word_1_363' title='bbox 611 4320 648 4360; x_wconf 88' lang='lat' dir='ltr'><strong>est</strong></span> <span class='ocrx_word' id='word_1_364' title='bbox 667 4314 692 4360; x_wconf 92' lang='lat' dir='ltr'><strong>in</strong></span> <span class='ocrx_word' id='word_1_365' title='bbox 706 4312 832 4369; x_wconf 83' lang='lat' dir='ltr'><strong>Pantheo,</strong></span> <span class='ocrx_word' id='word_1_366' title='bbox 853 4313 993 4361; x_wconf 87' lang='lat' dir='ltr'><strong>accuratius</strong></span> <span class='ocrx_word' id='word_1_367' title='bbox 1013 4314 1166 4361; x_wconf 85' lang='lat' dir='ltr'><strong>examinatis</strong></span> <span class='ocrx_word' id='word_1_368' title='bbox 1185 4313 1335 4376; x_wconf 82' lang='lat' dir='ltr'><strong>fragmentis</strong></span> <span class='ocrx_word' id='word_1_369' title='bbox 1354 4327 1419 4376; x_wconf 88' lang='lat' dir='ltr'><strong>quae</strong></span> <span class='ocrx_word' id='word_1_370' title='bbox 1439 4328 1469 4361; x_wconf 88' lang='lat' dir='ltr'><strong>ex</strong></span> <span class='ocrx_word' id='word_1_371' title='bbox 1490 4315 1586 4376; x_wconf 89' lang='lat' dir='ltr'><strong>pariete</strong></span> <span class='ocrx_word' id='word_1_372' title='bbox 1605 4324 1630 4363; x_wconf 89' lang='lat' dir='ltr'><strong>et</strong></span> 
     </span>
     <span class='ocr_line' id='line_1_38' title="bbox 311 4403 1630 4468; baseline 0.002 -17"><span class='ocrx_word' id='word_1_373' title='bbox 311 4404 429 4466; x_wconf 85' lang='lat' dir='ltr'><strong>epistylio</strong></span> <span class='ocrx_word' id='word_1_374' title='bbox 449 4414 625 4452; x_wconf 83' lang='lat' dir='ltr'><strong>remanserunt</strong></span> <span class='ocrx_word' id='word_1_375' title='bbox 643 4403 775 4453; x_wconf 73' lang='lat' dir='ltr'><strong>refellitur.</strong></span> <span class='ocrx_word' id='word_1_376' title='bbox 814 4405 866 4454; x_wconf 90' lang='lat' dir='ltr'><strong>Sed</strong></span> <span class='ocrx_word' id='word_1_377' title='bbox 885 4404 917 4451; x_wconf 88' lang='lat' dir='ltr'><strong>de</strong></span> <span class='ocrx_word' id='word_1_378' title='bbox 936 4404 975 4453; x_wconf 88' lang='lat' dir='ltr'><strong>his</strong></span> <span class='ocrx_word' id='word_1_379' title='bbox 995 4406 1044 4452; x_wconf 88' lang='lat' dir='ltr'><strong>nisi</strong></span> <span class='ocrx_word' id='word_1_380' title='bbox 1064 4405 1156 4453; x_wconf 86' lang='lat' dir='ltr'><strong>additis</strong></span> <span class='ocrx_word' id='word_1_381' title='bbox 1176 4405 1328 4467; x_wconf 82' lang='lat' dir='ltr'><strong>imaginihus</strong></span> <span class='ocrx_word' id='word_1_382' title='bbox 1348 4419 1413 4468; x_wconf 87' lang='lat' dir='ltr'><strong>quae</strong></span> <span class='ocrx_word' id='word_1_383' title='bbox 1433 4420 1506 4468; x_wconf 88' lang='lat' dir='ltr'><strong>spero</strong></span> <span class='ocrx_word' id='word_1_384' title='bbox 1526 4406 1581 4454; x_wconf 81' lang='lat' dir='ltr'><strong>iore</strong></span> <span class='ocrx_word' id='word_1_385' title='bbox 1603 4415 1630 4454; x_wconf 90' lang='lat' dir='ltr'><strong>nt</strong></span> 
     </span>
    </p>
   </div>
   <div class='ocr_carea' id='block_1_5' title="bbox 310 4495 1586 4626">
    <p class='ocr_par' dir='ltr' id='par_1_8' title="bbox 310 4495 1586 4626">
     <span class='ocr_line' id='line_1_39' title="bbox 310 4495 983 4560; baseline 0 -16"><span class='ocrx_word' id='word_1_386' title='bbox 310 4495 362 4544; x_wconf 90' lang='lat' dir='ltr'><strong>alio</strong></span> <span class='ocrx_word' id='word_1_387' title='bbox 382 4495 438 4544; x_wconf 91' lang='lat' dir='ltr'><strong>loeo</strong></span> <span class='ocrx_word' id='word_1_388' title='bbox 458 4509 600 4560; x_wconf 88' lang='lat' dir='ltr'><strong>proponere</strong></span> <span class='ocrx_word' id='word_1_389' title='bbox 620 4497 715 4558; x_wconf 87' lang='lat' dir='ltr'><strong>possim</strong></span> <span class='ocrx_word' id='word_1_390' title='bbox 734 4496 868 4545; x_wconf 87' lang='lat' dir='ltr'><strong>diiudicari</strong></span> <span class='ocrx_word' id='word_1_391' title='bbox 889 4498 983 4560; x_wconf 86' lang='lat' dir='ltr'><strong>nequit.</strong></span> 
     </span>
     <span class='ocr_line' id='line_1_40' title="bbox 1328 4566 1586 4626; baseline -0.008 0"><span class='ocrx_word' id='word_1_392' title='bbox 1328 4566 1403 4626; x_wconf 78' lang='lat' dir='ltr'><strong>Cau.</strong></span> <span class='ocrx_word' id='word_1_393' title='bbox 1427 4567 1586 4626; x_wconf 80' lang='lat' dir='ltr'><strong>Hueasen.</strong></span> 
     </span>
    </p>
   </div>
   <div class='ocr_carea' id='block_1_6' title="bbox 769 4708 1170 4716">
    <p class='ocr_par' dir='ltr' id='par_1_9' title="bbox 769 4708 1170 4716">
     <span class='ocr_line' id='line_1_41' title="bbox 769 4708 1170 4716; baseline 0.005 -2"><span class='ocrx_word' id='word_1_394' title='bbox 769 4708 1170 4716; x_wconf 53' lang='lat'><strong>*—</strong></span> 
     </span>
    </p>
   </div>
   <div class='ocr_carea' id='block_1_7' title="bbox 771 4928 1168 4981">
    <p class='ocr_par' dir='ltr' id='par_1_10' title="bbox 771 4928 1168 4981">
     <span class='ocr_line' id='line_1_42' title="bbox 771 4928 1168 4981; baseline 0 -2"><span class='ocrx_word' id='word_1_395' title='bbox 771 4931 871 4980; x_wconf 88' lang='lat' dir='ltr'><strong>Prodiit</strong></span> <span class='ocrx_word' id='word_1_396' title='bbox 891 4932 915 4980; x_wconf 88' lang='lat' dir='ltr'><strong>d.</strong></span> <span class='ocrx_word' id='word_1_397' title='bbox 936 4928 983 4981; x_wconf 84' lang='lat' dir='ltr'><strong>lul.</strong></span> <span class='ocrx_word' id='word_1_398' title='bbox 998 4934 1030 4981; x_wconf 79' lang='lat'><strong>28</strong></span> <span class='ocrx_word' id='word_1_399' title='bbox 1051 4948 1074 4981; x_wconf 79' lang='lat' dir='ltr'><strong>a.</strong></span> <span class='ocrx_word' id='word_1_400' title='bbox 1093 4934 1168 4981; x_wconf 79' lang='grc'><strong>1892,</strong></span> 
     </span>
    </p>
   </div>
   <div class='ocr_carea' id='block_1_8' title="bbox 1067 5310 1599 5375">
    <p class='ocr_par' dir='ltr' id='par_1_11' title="bbox 1067 5310 1599 5375">
     <span class='ocr_line' id='line_1_43' title="bbox 1067 5310 1599 5375; baseline 0.002 -15"><span class='ocrx_word' id='word_1_401' title='bbox 1067 5313 1107 5360; x_wconf 82' lang='lat' dir='ltr'><strong>Ex</strong></span> <span class='ocrx_word' id='word_1_402' title='bbox 1128 5312 1299 5375; x_wconf 84' lang='lat' dir='ltr'><strong>typographia</strong></span> <span class='ocrx_word' id='word_1_403' title='bbox 1318 5311 1423 5375; x_wconf 86' lang='lat' dir='ltr'><strong>Imperii</strong></span> <span class='ocrx_word' id='word_1_404' title='bbox 1441 5310 1599 5362; x_wconf 78' lang='lat' dir='ltr'><strong>Germanici.</strong></span> 
     </span>
    </p>
   </div>
   <div class='ocr_carea' id='block_1_9' title="bbox 0 0 1740 5828">
    <p class='ocr_par' dir='ltr' id='par_1_12' title="bbox 0 0 1740 5828">
     <span class='ocr_line' id='line_1_44' title="bbox 0 0 1740 5828; baseline 0 1"><span class='ocrx_word' id='word_1_405' title='bbox 0 0 1740 5828; x_wconf 95' lang='lat' dir='ltr'><strong> </strong></span> 
     </span>
    </p>
   </div>
  </div>
 </body>
</html>
