3472 5828
508 571 711 622 convmtrvs
737 570 1021 623 Tannacortmtsls

544 813 608 871 vn.
638 812 832 872 raauaco
855 833 883 890 p.
902 814 973 871 ora.

510 986 668 1045 Accedunt
689 985 798 1046 Morcll
818 992 849 1045 et
870 985 1009 1046 Bataua

188 1140 349 1216 Exemplar
381 1140 512 1216 syllogae
540 1142 771 1202 Tarraconensis
800 1142 879 1220 eius,
911 1162 1000 1218 quam
1030 1140 1176 1218 Anonymi
1204 1141 1420 1200 Tarraconensis

104 1240 169 1301 dixi
190 1238 230 1324 (11
251 1264 280 1321 p.
299 1239 381 1325 544),
405 1244 563 1304 Valentino
585 1244 776 1322 investigavit
797 1248 831 1306 P.
846 1248 969 1305 Rochus
991 1247 1109 1305 Chabas
1132 1244 1294 1304 canonicus
1308 1244 1419 1304 Valon-

104 1344 185 1405 tinus
213 1346 387 1423 inscriptam
412 1348 469 1408 ita:
506 1346 710 1426 Recopilccc'on
735 1349 845 1409 accinta
865 1352 899 1409 do
921 1350 965 1410 lca
986 1349 1183 1428 antiposdades
1210 1367 1340 1409 centanas
1367 1370 1419 1426 que

103 1470 131 1507 ac
152 1448 254 1509 Musa
275 1451 322 1509 dol
343 1453 443 1530 tiempo
469 1454 502 1512 dc
528 1453 569 1512 loa
597 1453 788 1530 anporcdorcs
814 1473 942 1512 runcones
964 1473 998 1513 en
1020 1454 1049 1513 la
1071 1453 1174 1513 medad
1196 1453 1229 1512 da
1255 1453 1418 1530 Tarraqone

101 1573 122 1631 y
144 1575 191 1614 sats
212 1555 367 1635 corocasius,
395 1554 526 1634 eopiadaa
546 1578 567 1636 y
588 1557 703 1616 ascriho
724 1559 757 1616 de
779 1558 822 1616 lca
843 1577 960 1618 mamas
985 1557 1181 1636 catipcodcdco
1204 1577 1261 1633 por
1290 1556 1418 1632 Jooopt

103 1662 179 1737 Boy
199 1659 340 1737 ingeniare
362 1681 396 1719 err
417 1660 500 1719 dicho
522 1660 625 1721 medad
644 1662 698 1722 ario
721 1663 814 1723 1713.
860 1661 998 1722 Contulit
1023 1682 1089 1720 eam
1115 1682 1183 1721 cum
1210 1661 1299 1721 editis
1321 1681 1418 1736 neque

104 1762 267 1839 quidquam
290 1764 360 1823 noui
382 1764 481 1824 inesse
495 1765 640 1843 repperit3
662 1765 760 1826 titulis
780 1765 903 1842 triginta
917 1766 1068 1843 prioribus
1082 1785 1237 1825 mensurae
1253 1765 1417 1841 adscriptae

103 1874 174 1926 suut
196 1874 226 1926 et
247 1867 316 1947 loci,
339 1868 393 1927 ubi
416 1874 526 1928 extent.
564 1868 688 1945 Reliqui
709 1869 838 1929 breviter
853 1877 1073 1929 enumerantur.
1112 1873 1196 1929 Haec
1211 1869 1329 1928 Chabas
1344 1866 1419 1927 mihi

103 1969 223 2047 scripsit
244 1992 270 2031 a.
292 1974 382 2032 1892.

103 2181 132 2221 ιι.
158 2164 240 2222 4288
264 2164 430 2223 Tarracone
452 2166 551 2223 denuo
574 2163 749 2244 comparuit,
772 2169 979 2224 extramuros
1002 2166 1039 2224 ad
1061 2164 1157 2242 ripam
1178 2163 1263 2224 fluvii
1282 2165 1419 2224 Frcrscolt

146 2274 175 2325 et
203 2286 294 2344 prope
325 2266 389 2326 eiua
419 2266 508 2347 ostia,
539 2267 571 2326 iu
599 2287 687 2344 saepo
715 2288 792 2344 quae
822 2267 986 2329 circumdat
1016 2270 1136 2328 hortum
1168 2269 1231 2329 sire
1264 2270 1417 2345 praedium

145 2370 290 2431 misticum
311 2371 455 2431 Iohannis
477 2373 592 2448 Gonse3
615 2379 661 2431 ost
683 2392 733 2432 ara
754 2372 815 2431 alta
837 2392 875 2432 m.
903 2375 983 2453 1.35,
1007 2373 1068 2434 lata
1092 2375 1173 2434 0.65.
1218 2372 1350 2433 Litterae
1372 2372 1419 2434 di·

146 2481 254 2536 cuntur
269 2496 333 2536 esse
348 2495 424 2536 saec.
440 2478 470 2536 11
490 2478 598 2536 bonae.
628 2477 766 2552 Angelus
781 2477 830 2537 del
844 2479 923 2536 Arce
939 2476 1044 2538 Diario
1058 2478 1093 2536 do
1109 2478 1275 2556 Tarrcqorsc
1290 2498 1315 2538 a.
1337 2480 1416 2538 1895

146 2581 174 2640 <i
201 2583 239 2639 19
262 2602 301 2642 ιιι.
325 2580 423 2657 April.
446 2587 476 2641 et
497 2578 550 2642 tol.
575 2580 608 2640 do
635 2581 664 2640 la
692 2579 783 2643 Accd.
807 2583 910 2642 XXVI
934 2583 1015 2642 1895
1038 2601 1067 2660 p.
1086 2584 1158 2642 396.

104 2702 186 2760 6113
217 2703 382 2762 Tarracone
417 2702 450 2762 in
484 2722 589 2763 museo
619 2701 696 2762 vidit
724 2704 875 2764 Arthurus
902 2704 1001 2781 Engsl
1032 2703 1166 2781 Rapport
1193 2701 1279 2764 d’cne
1305 2704 1419 2764 meaos

144 2805 312 2886 acima'fiqm
333 2828 366 2866 ers
381 2806 513 2886 Eopcprse
534 2803 694 2890 (Nemetes
708 2808 844 2868 Arclrc'ces
864 2809 912 2867 des
932 2807 1070 2868 Musicae
1091 2808 1273 2890 ambntsyiqueo
1295 2816 1322 2868 at
1343 2809 1418 2868 litto·

145 2910 235 2969 ras'rcs
257 2921 327 2972 tome
347 2910 408 2970 HI
429 2914 519 2992 1892,
543 2911 666 2972 Parisiis
692 2911 783 2991 1893)
806 2934 835 2993 p.
853 2915 904 2974 25.

106 3129 170 3198 198
191 3138 357 3197 Tarracone
380 3138 412 3197 in
436 3138 648 3199 effossionibus
670 3141 708 3199 ad
731 3140 861 3217 plateam
882 3139 929 3199 del
950 3139 1088 3218 Progreoo
1114 3137 1261 3198 institutis
1287 3158 1348 3215 rep.
1373 3147 1419 3197 est

145 3265 183 3304 m.
207 3245 307 3322 Aprili
336 3267 362 3306 a.
391 3248 470 3306 1894
499 3246 737 3308 tintinnabulum
765 3268 891 3308 aeneum
921 3267 990 3308 cum
1019 3247 1133 3326 pistillo
1163 3249 1258 3306 ferreo
1290 3248 1417 3306 fortasse

146 3355 240 3408 aetate
263 3349 427 3409 recentiore
449 3350 581 3427 adiecto;
611 3352 705 3411 altum
728 3360 773 3411 est
793 3373 832 3412 m.
859 3354 930 3413 012
961 3372 1030 3412 cum
1058 3371 1130 3411 ansa
1152 3371 1243 3428 supra
1265 3353 1355 3410 affixa
1376 3372 1415 3410 m.

147 3455 229 3531 002,
253 3474 385 3513 crassum
407 3475 445 3513 m.
472 3458 575 3534 0.005,
599 3455 728 3515 ambitus
750 3457 887 3534 inportu
909 3454 1051 3515 inferiore
1072 3476 1112 3515 m.
1138 3458 1219 3515 045.
1258 3454 1417 3531 Inscriptio

145 3556 177 3614 in
199 3557 332 3636 margine
358 3558 499 3618 inferiore
528 3559 606 3618 inter
634 3562 709 3619 duas
734 3559 831 3620 lineas
860 3568 952 3641 extat,
980 3559 1100 3638 litteris,
1130 3567 1164 3619 ut
1191 3558 1267 3618 mihi
1295 3557 1417 3635 quidem

145 3660 225 3720 visae
248 3670 328 3740 sunt,
352 3664 464 3722 saeculi
485 3663 610 3723 secundi
632 3664 771 3724 exeuntis
793 3664 942 3744 actuariis,
966 3664 1036 3724 altis
1057 3684 1096 3723 m.
1123 3667 1225 3724 0.005.

169 3886 345 3931 cecasvws
372 3899 386 3931 c
414 3888 517 3932 seems
544 3899 558 3931 c
586 3889 738 3933 AVGVSTlS
761 3900 775 3932 c
796 3888 975 3933 VERNACLVS
1000 3901 1008 3917 ⁰
1034 3888 1169 3932 ertrtvs
1191 3898 1205 3930 a
1228 3887 1328 3931 MAlOR
1349 3898 1363 3930 c

166 3990 302 4034 SECVLVM
318 4007 324 4021 ·
340 3992 1150 4051 sommus-ros·sr·rorvt00R0MArt0ossr1x
1166 4006 1173 4022 ·
1189 3992 1361 4035 rhamon

101 4183 255 4260 Descripsi
277 4206 314 4244 ex
336 4185 518 4261 imaginibus
540 4186 754 4264 photographis
777 4184 906 4265 optimis,
931 4205 1007 4260 quas
1029 4184 1163 4245 officiose
1180 4183 1417 4244 subministravit

100 4289 237 4364 Angelus
259 4289 309 4348 del
329 4294 442 4367 Arcoy
462 4289 612 4350 Molinero
634 4290 875 4369 Tarraconensis,
898 4297 929 4349 et
951 4289 1033 4349 edidi
1054 4288 1107 4349 bol.
1124 4289 1157 4346 da
1172 4289 1202 4348 lc
1216 4287 1306 4347 Aeas.
1328 4289 1416 4346 XXV

105 4393 187 4453 1894
210 4413 239 4469 p.
259 4396 297 4453 39
311 4413 349 4452 ss.
374 4401 404 4452 et
424 4393 570 4454 Jatrtuct
593 4395 640 4453 dea
663 4394 821 4454 Deutscbm
842 4392 1097 4471 Arcbbolopt'scbm
1114 4393 1254 4472 Inatitcts,
1280 4390 1417 4468 Anm‘qer

104 4497 184 4555 1894
208 4517 237 4573 p.
258 4500 316 4556 187
341 4517 409 4556 cum
431 4498 562 4574 imagine
583 4499 665 4577 ligno
688 4498 792 4559 incisa.
837 4497 985 4558 'l'ractavit
1013 4505 1148 4557 accurato
1175 4496 1353 4556 Emmanuel
1379 4496 1416 4553 de

99 4600 247 4677 Berlanga
261 4602 377 4660 Recta
391 4602 514 4661 critical
530 4598 655 4682 (Matriti
669 4598 762 4683 1895)
778 4606 859 4679 Sept.
872 4623 900 4679 p.
914 4604 1081 4662 177-189
1097 4607 1128 4661 et
1141 4604 1215 4661 Dec.
1230 4621 1258 4677 p.
1280 4600 1414 4660 14-22.

143 4705 247 4765 Lectio
271 4707 393 4765 omnino
417 4716 495 4766 certa
518 4714 576 4766 est:

187 4826 336 4887 cacabulum
358 4829 447 4887 raonis
468 4828 617 4906 Augustae,
644 4831 789 4888 ocmcclua
809 4828 922 4888 nentur
943 4828 1043 4888 maior.
1088 4827 1219 4886 Semelam
1241 4825 1341 4885 bonum
1362 4821 1416 4906 ale·

185 4929 276 5012 notui)
294 4929 496 5014 p(opulo)q(uc)
519 4930 667 5013 Mamaea)
691 4929 730 5013 [ct
745 4933 853 5010 populo
875 4931 1027 5011 Rornanol,
1043 4931 1122 5010 felic
1148 4932 1289 4990 Tarraco!

141 5055 267 5113 Formae
292 5055 421 5115 rusticae
446 5056 592 5116 vmacciar
619 5061 649 5114 et
676 5055 798 5114 seculum
824 5074 892 5114 eum
919 5054 1082 5132 scripturae
1105 5060 1201 5112 aetate
1223 5051 1414 5111 conveniunt.

99 5157 141 5215 Et
157 5159 266 5236 popolo
280 5158 410 5220 Romo
431 5159 578 5223 vocabula
596 5166 666 5241 post
686 5165 775 5220 notas
797 5160 956 5218 sollemnes
977 5178 1076 5219 errore
1098 5159 1241 5237 repetitae
1256 5164 1340 5234 sunt;
1363 5154 1417 5231 qui

97 5261 224 5323 titulum
246 5263 384 5343 concepit
395 5262 633 5327 calcitrosus
653 5268 683 5327 ot
700 5264 806 5344 copulo
825 5262 1034 5344 Tarraconensi,
1059 5271 1124 5324 tum
1146 5282 1245 5324 errore
1261 5263 1415 5322 observato

140 5385 480 5449 Ermusuuruirrisa.¹
1166 5387 1206 5444 19
